|0000|LECD|24112022|31122022|GOOMIE SOLUCOES TECNOLOGICAS INOVA SIMPLES (I.S.)|51518096000115|RJ||3303302|3038370||2|1|0||0|0||N|N|0|0|1|
|0001|0|
|0007|RJ||
|0990|4|
|I001|0|
|I010|G|9.00|
|I030|TERMO DE ABERTURA|5|Escritura  o Cont bil Digital do Livro Di rio Geral|4399|GOOMIE SOLUCOES TECNOLOGICAS INOVA SIMPLES (I.S.)|33300336281|51518096000115|08122020||Niter i|31122022|
|I050|01012021|01|S|1|1||Ativo|
|I050|01012021|01|S|2|2|1|Circulante|
|I050|01012021|01|S|3|3|2|Dispon vel|
|I050|01012021|01|S|4|4|3|Numer rios em caixa|
|I050|01012021|01|A|5|5|4|Caixa|
|I051||1.01.01.01.01|
|I052||1-1-01-01|
|I050|01012021|01|A|5|684|4|Numerario em Transito|
|I051||1.01.01.04.01|
|I052||1-1-01-01|
|I050|01012021|01|S|4|6|3|Banco conta movimento|
|I050|01012021|01|A|5|7|6|Banco Santander|
|I051||1.01.01.02.01|
|I052||1-1-01-02|
|I050|01012021|01|A|5|8|6|Bradesco S/A - Ag. 02805 Cta. 0025977-2|
|I051||1.01.01.02.01|
|I052||1-1-01-02|
|I050|01012021|01|A|5|9|6|Bradesco S/A - Ag. 00309 Cta. 0017989-2|
|I051||1.01.01.02.01|
|I052||1-1-01-02|
|I050|01012021|01|A|5|11|6|Bco. do Brasil|
|I051||1.01.01.02.01|
|I052||1-1-01-02|
|I050|01012021|01|A|5|12|6|Bco. XP|
|I051||1.01.01.02.01|
|I052||1-1-01-02|
|I050|01012021|01|S|4|13|3|Aplica  es|
|I050|01012021|01|A|5|14|13|Banco Santander|
|I051||1.01.01.05.01|
|I052||1-1-01-03|
|I050|01012021|01|A|5|16|13|Banco XP|
|I051||1.01.01.05.01|
|I052||1-1-01-03|
|I050|01012021|01|A|5|19|13|T tulos de Renda Fixa Privadas|
|I051||1.01.01.05.01|
|I052||1-1-01-03|
|I050|01012021|01|A|5|20|13|Bradesco|
|I051||1.01.01.05.01|
|I052||1-1-01-03|
|I050|01012021|01|S|3|42|2|T tulos a Receber|
|I050|01012021|01|S|4|43|42|T tulos a Receber|
|I050|01012021|01|A|5|44|43|All Parts Suprimentos|
|I051||1.01.02.09.20|
|I052||1-1-06-01|
|I050|01012021|01|A|5|45|43|Bemlimp Distribuidora|
|I051||1.01.02.09.20|
|I052||1-1-06-01|
|I050|01012021|01|A|5|46|43|Cap Consultoria Alternativa|
|I051||1.01.02.09.20|
|I052||1-1-06-01|
|I050|01012021|01|A|5|47|43|Cicero Araujo Pitombo|
|I051||1.01.02.09.20|
|I052||1-1-06-01|
|I050|01012021|01|A|5|49|43|Dial Brasil Empresa Interativa|
|I051||1.01.02.09.20|
|I052||1-1-06-01|
|I050|01012021|01|A|5|51|43|Forte Araruama Seguranca|
|I051||1.01.02.09.20|
|I052||1-1-06-01|
|I050|01012021|01|A|5|52|43|Ice Log Armazenagem|
|I051||1.01.02.09.20|
|I052||1-1-06-01|
|I050|01012021|01|A|5|53|43|Kplog Distribuidora|
|I051||1.01.02.09.20|
|I052||1-1-06-01|
|I050|01012021|01|A|5|54|43|K-Way Logistica|
|I051||1.01.02.09.20|
|I052||1-1-06-01|
|I050|01012021|01|A|5|55|43|Lippelu Confeccoes|
|I051||1.01.02.09.20|
|I052||1-1-06-01|
|I050|01012021|01|A|5|56|43|Mineracao Serra Brito|
|I051||1.01.02.09.20|
|I052||1-1-06-01|
|I050|01012021|01|A|5|57|43|MJL - Representacoes e Consultoria|
|I051||1.01.02.09.20|
|I052||1-1-06-01|
|I050|01012021|01|A|5|58|43|MSK Conteudo e Entretenimento|
|I051||1.01.02.09.20|
|I052||1-1-06-01|
|I050|01012021|01|A|5|61|43|RB Assessoria e Consultoria|
|I051||1.01.02.09.20|
|I052||1-1-06-01|
|I050|01012021|01|A|5|62|43|RJ Engenharia e Contrucao|
|I051||1.01.02.09.20|
|I052||1-1-06-01|
|I050|01012021|01|A|5|65|43|Direito Adquirido Precatorio|
|I051||1.01.02.09.25|
|I052||1-1-06-01|
|I050|01012021|01|A|5|66|43|Outros T tulos a Receber|
|I051||1.01.02.09.20|
|I052||1-1-06-01|
|I050|01012021|01|A|5|67|43|Direito Trabalhista Adquiridos|
|I051||1.01.02.09.25|
|I052||1-1-06-01|
|I050|01012021|01|A|5|68|43|Garra Distribuidor de Bebidas e Alimentos|
|I051||1.01.02.09.20|
|I052||1-1-06-01|
|I050|01012021|01|A|5|69|43|L'aqua |
|I051||1.01.02.09.20|
|I052||1-1-06-01|
|I050|01012021|01|A|5|71|43|Aquisi  o Credito Diversos|
|I051||1.01.02.09.25|
|I052||1-1-06-01|
|I050|01012021|01|A|5|73|43|Arena Unimed|
|I051||1.01.02.09.20|
|I052||1-1-06-01|
|I050|01012021|01|A|5|75|43|(-) Ajuste a Valor Presente|
|I051||1.01.02.09.50|
|I052||1-1-06-01|
|I050|01012021|01|S|3|76|2|Cr ditos a receber|
|I050|01012021|01|S|4|77|76|Cr ditos Tribut rios a Receber|
|I050|01012021|01|A|5|78|77|Imposto de Renda Retido na Fonte|
|I051||1.01.02.04.01|
|I052||1-1-07-01|
|I050|01012021|01|S|2|109|1|Ativo N o Circulante|
|I050|01012021|01|S|3|115|109|Investimentos|
|I050|01012021|01|S|4|116|115|Investimentos|
|I050|01012021|01|A|5|117|116|Participa  o empresas a  es diversas - Debentures|
|I051||1.02.01.02.11|
|I052||1-2-02-01|
|I050|01012021|01|A|5|118|116|Aquisi  o de Usina (Veiculo)|
|I051||1.02.02.10.10|
|I052||1-2-02-01|
|I050|01012021|01|S|4|122|115|Contrato de m tuo|
|I050|01012021|01|A|5|123|122|Arche Participa  es|
|I051||1.02.01.01.03|
|I052||1-2-02-02|
|I050|01012021|01|A|5|126|122|Arche Investimento|
|I051||1.02.01.01.03|
|I052||1-2-02-02|
|I050|01012021|01|S|3|127|109|Imobilizado|
|I050|01012021|01|S|4|135|127|Inform tica|
|I050|01012021|01|A|5|136|135|Software -Equipamentos de Processamento - Hardware|
|I051||1.02.03.01.28|
|I052||1-2-03-04|
|I050|01012021|01|A|5|137|135|Computadores e Perifericos|
|I051||1.02.03.01.06|
|I052||1-2-03-04|
|I050|01012021|01|S|3|150|109|Deprecia  o Acumulada|
|I050|01012021|01|S|4|151|150|Deprecia  o Acumulada Imobilizado|
|I050|01012021|01|A|5|155|151|(-) Deprecia  o Acum. Aquis. Hardware|
|I051||1.02.03.01.30|
|I052||1-2-04-01|
|I050|01012021|02|S|1|177||Passivo|
|I050|01012021|02|S|2|178|177|Circulante|
|I050|01012021|02|S|3|195|178|Fornecedores|
|I050|01012021|02|S|4|196|195|Pessoa F sica e Pessoa Jur dica|
|I050|01012021|02|A|5|199|196|Boa vista|
|I051||2.01.01.03.01|
|I052||2-1-03-01|
|I050|01012021|02|A|5|201|196|Capem Solutions Servi os Cont beis LTDA|
|I051||2.01.01.03.01|
|I052||2-1-03-01|
|I050|01012021|02|A|5|202|196|RGB|
|I051||2.01.01.03.01|
|I052||2-1-03-01|
|I050|01012021|02|A|5|203|196|Anfac|
|I051||2.01.01.03.01|
|I052||2-1-03-01|
|I050|01012021|02|A|5|204|196|Barbosa, Mussnich|
|I051||2.01.01.03.01|
|I052||2-1-03-01|
|I050|01012021|02|S|3|205|178|Tributos e Contribui  es|
|I050|01012021|02|S|4|206|205|Tributos e Contribui  es|
|I050|01012021|02|A|5|207|206|Imposto de Renda Pessoa Jur dica - IRPJ|
|I051||2.01.01.09.13|
|I052||2-1-05-01|
|I050|01012021|02|A|5|208|206|Contribui  o Social  Sobre o Lucro L quido -CSLL|
|I051||2.01.01.09.14|
|I052||2-1-05-01|
|I050|01012021|02|A|5|213|206|PIS|
|I051||2.01.01.09.04|
|I052||2-1-05-01|
|I050|01012021|02|A|5|215|206|COFINS|
|I051||2.01.01.09.05|
|I052||2-1-05-01|
|I050|01012021|02|S|4|216|205|Reten  es de Imposto e Contribui  es|
|I050|01012021|02|A|5|218|216|Imposto de Renda Retido na Fonte - de Terceiros|
|I051||2.01.01.09.12|
|I052||2-1-05-02|
|I050|01012021|02|A|5|221|216|CSRF|
|I051||2.01.01.09.12|
|I052||2-1-05-02|
|I050|01012021|02|A|5|686|216|Imposto de Renda Retido na Fonte - IRRF 3699|
|I051||2.01.01.09.12|
|I052||2-1-05-02|
|I050|01012021|02|S|3|259|178|T tulos|
|I050|01012021|02|S|4|260|259|T tulos a pagar|
|I050|01012021|02|A|5|263|260|Arche Investimentos|
|I051||2.01.01.17.09|
|I052||2-1-07-01|
|I050|01012021|02|S|3|264|178|Credores|
|I050|01012021|02|S|4|265|264|Credores diversos|
|I050|01012021|02|A|5|267|265|Credor - CAP|
|I051||2.01.01.17.28|
|I052||2-1-08-01|
|I050|01012021|02|S|4|268|264|Cedentes|
|I050|01012021|02|A|5|269|268|All Parts Suprimentos e Equipamentos|
|I051||2.01.01.17.28|
|I052||2-1-08-02|
|I050|01012021|02|A|5|270|268|Bemlimp Distribuidora|
|I051||2.01.01.17.28|
|I052||2-1-08-02|
|I050|01012021|02|A|5|271|268|Cap Consultoria Alternativa|
|I051||2.01.01.17.28|
|I052||2-1-08-02|
|I050|01012021|02|A|5|272|268|Cicero Araujo Pitombo|
|I051||2.01.01.17.28|
|I052||2-1-08-02|
|I050|01012021|02|A|5|274|268|Dial Brasil Empresa Interativa de Radio|
|I051||2.01.01.17.28|
|I052||2-1-08-02|
|I050|01012021|02|A|5|277|268|Ice Log Armazenagem|
|I051||2.01.01.17.28|
|I052||2-1-08-02|
|I050|01012021|02|A|5|278|268|Kplog Distribuidora de Alimentos|
|I051||2.01.01.17.28|
|I052||2-1-08-02|
|I050|01012021|02|A|5|279|268|K-Way Logistica|
|I051||2.01.01.17.28|
|I052||2-1-08-02|
|I050|01012021|02|A|5|280|268|Lippelu Confeccoes de Roupa|
|I051||2.01.01.17.28|
|I052||2-1-08-02|
|I050|01012021|02|A|5|281|268|Mineracao Serra do Brito - (L'Aqua)|
|I051||2.01.01.17.28|
|I052||2-1-08-02|
|I050|01012021|02|A|5|283|268|MSK Conteudo e Entretenimento|
|I051||2.01.01.17.28|
|I052||2-1-08-02|
|I050|01012021|02|A|5|286|268|RB Assessoria e Consultoria|
|I051||2.01.01.17.28|
|I052||2-1-08-02|
|I050|01012021|02|A|5|287|268|RJ Engenharia e Construcao|
|I051||2.01.01.17.28|
|I052||2-1-08-02|
|I050|01012021|02|A|5|290|268|Garra Distribuidor de Bebidas e Alimentos|
|I051||2.01.01.17.28|
|I052||2-1-08-02|
|I050|01012021|02|A|5|292|268|Arena Unimed|
|I051||2.01.01.17.28|
|I052||2-1-08-02|
|I050|01012021|02|S|3|293|178|Contas a pagar|
|I050|01012021|02|S|4|294|293|Outros Contas a Pagar|
|I050|01012021|02|A|5|296|294|Outros D bitos a Pagar|
|I051||2.01.01.17.28|
|I052||2-1-09-01|
|I050|01012021|02|S|4|298|293|Receita Diferida|
|I050|01012021|02|A|5|299|298|Receita Diferida|
|I051||2.01.01.19.01|
|I052||2-1-09-02|
|I050|01012021|02|S|2|306|177|Passivo N o Circulante|
|I050|01012021|02|S|3|316|306|FINANCIAMENTOS|
|I050|01012021|02|S|4|317|316|OUTROS FINANCIAMENTOS NO PERIODO|
|I050|01012021|02|A|5|321|317|Receita Deferida - Debentures - Paulo Marcos|
|I051||2.02.01.07.01|
|I052||2-2-02-01|
|I050|01012021|02|A|5|322|317|Receita  Deferida- Debentures - CPS|
|I051||2.02.01.07.01|
|I052||2-2-02-01|
|I050|01012021|02|A|5|323|317|Receita Deferida - Debentures  - Ana Paula|
|I051||2.02.01.07.01|
|I052||2-2-02-01|
|I050|01012021|02|A|5|324|317|Receita Deferida - Debentures   - Nedio|
|I051||2.02.01.07.01|
|I052||2-2-02-01|
|I050|01012021|02|A|5|325|317|Debentures - Alexandre Accioly|
|I051||2.02.01.07.01|
|I052||2-2-02-01|
|I050|01012021|02|A|5|326|317|Debentures - Cristov o Marques|
|I051||2.02.01.07.01|
|I052||2-2-02-01|
|I050|01012021|02|A|5|327|317|Debentures - SLS|
|I051||2.02.01.07.01|
|I052||2-2-02-01|
|I050|01012021|02|S|2|328|177|Patrim nio l quido|
|I050|01012021|02|S|3|329|328|Capital Social|
|I050|01012021|02|S|4|330|329|Capital Social|
|I050|01012021|02|A|5|331|330|Capital Social Integralizado|
|I051||2.03.01.01.01|
|I052||2-3-01-01|
|I050|01012021|02|S|3|358|328|Preju zos/D ficits Acumulados ou Resultado|
|I050|01012021|02|S|4|359|358|Preju zos/D ficits Acumulados|
|I050|01012021|02|A|5|360|359|Lucros/Super vits Apurados|
|I051||2.03.04.01.01|
|I052||2-3-03-01|
|I050|01012021|02|A|5|361|359|Preju zos/D ficits Apurados|
|I051||2.03.04.01.11|
|I052||2-3-03-01|
|I050|01012021|02|A|5|362|359|Dividendos Antecipados|
|I051||2.03.04.01.90|
|I052||2-3-03-01|
|I050|01012021|02|S|4|367|358|Ajustes de Exerc cios Anteriores|
|I050|01012021|02|A|5|368|367|Ajustes de Exerc cios|
|I051||2.03.04.01.10|
|I052||2-3-03-03|
|I050|01012021|04|S|1|373||Receita|
|I050|01012021|04|S|2|374|373|Receita Bruta Vendas e Servi os|
|I050|01012021|04|S|3|382|374|Receita Operacional|
|I050|01012021|04|S|4|383|382|Receita Operacional|
|I050|01012021|04|A|5|384|383|Receita com Des gio|
|I051||3.01.01.01.01.30|
|I052||3-1-03-01|
|I050|01012021|04|S|2|386|373|Dedu  o de receita|
|I050|01012021|04|S|3|387|386|Dedu  o de receita sobre vendas|
|I050|01012021|04|S|4|388|387|Dedu  o da Receita|
|I050|01012021|04|A|5|392|388|PIS|
|I051||3.01.01.01.02.05|
|I052||3-2-01-01|
|I050|01012021|04|A|5|393|388|COFINS|
|I051||3.01.01.01.02.04|
|I052||3-2-01-01|
|I050|01012021|04|S|3|394|386|Dedu  o de receita sobre servi os|
|I050|01012021|04|S|4|395|394|Dedu  o da Receita|
|I050|01012021|04|A|5|587|395|Custo Servi o Operacional|
|I051||3.01.01.01.02.64|
|I052||3-2-02-01|
|I050|01012021|04|S|2|400|373|Receita Financeira / Patrimoniais|
|I050|01012021|04|S|3|401|400|Receita Financeira|
|I050|01012021|04|S|4|416|401|Receitas Financeiras Diversas|
|I050|01012021|04|A|5|417|416|Juros|
|I051||3.01.01.09.01.08|
|I052||3-3-01-05|
|I050|01012021|04|A|5|418|416|Atualiza  o Monet ria|
|I051||3.01.01.09.01.08|
|I052||3-3-01-05|
|I050|01012021|04|S|1|436||Despesas|
|I050|01012021|04|S|2|460|436|Despesas|
|I050|01012021|04|S|3|499|460|Despesas com Servi os de Terceiros|
|I050|01012021|04|S|4|500|499|Remunera  o por Servi os de Terceiros|
|I050|01012021|04|A|5|501|500|Honor rios Advocat cios|
|I051||3.01.01.07.01.04|
|I052||4-3-02-01|
|I050|01012021|04|A|5|503|500|Honor rio Contabil|
|I051||3.01.01.07.01.04|
|I052||4-3-02-01|
|I050|01012021|04|A|5|504|500|Servi os Prestados PJ|
|I051||3.01.01.07.01.04|
|I052||4-3-02-01|
|I050|01012021|04|S|3|510|460|Despesas com Localiza  o e Funcionamento|
|I050|01012021|04|S|4|519|510|Despesas com Expediente|
|I050|01012021|04|A|5|520|519|Material de Expediente|
|I051||3.01.01.07.01.35|
|I052||4-3-03-02|
|I050|01012021|04|S|4|545|510|Despesas com Bens de Uso Pr prio|
|I050|01012021|04|A|5|546|545|Deprecia  es|
|I051||3.01.01.07.01.23|
|I052||4-3-03-07|
|I050|01012021|04|S|3|554|460|Despesas Administrativas Diversas|
|I050|01012021|04|S|4|565|554|Outras Despesas|
|I050|01012021|04|A|5|570|565|Reembolso Despesas|
|I051||3.01.01.09.01.99|
|I052||4-3-05-04|
|I050|01012021|04|S|2|572|436|DESPESAS|
|I050|01012021|04|S|3|573|572|Tributos|
|I050|01012021|04|S|4|574|573|Impostos|
|I050|01012021|04|A|5|578|574|Taxas, Emolumentos e Desp. de Cart rio|
|I051||3.01.01.07.01.16|
|I052||4-4-01-01|
|I050|01012021|04|S|2|583|436|Despesas Financeiras|
|I050|01012021|04|S|3|584|583|Despesas com Aplica  es Financeiras|
|I050|01012021|04|S|4|585|584|Despesas Financeiras com T tulos de Renda Fixa|
|I050|01012021|04|A|5|586|585|Tarifa Bancaria|
|I051||3.01.01.09.01.08|
|I052||4-5-01-01|
|I050|01012021|04|S|3|612|583|Outras Despesas Financeiras|
|I050|01012021|04|S|4|613|612|Despesas Financeiras De Encargos Sobre Tributos|
|I050|01012021|04|A|5|616|613|Outras Despesas|
|I051||3.01.01.09.01.99|
|I052||4-5-04-01|
|I050|01012021|04|S|2|625|436|DESPESAS PATRIMONIAIS|
|I050|01012021|04|S|3|626|625|Despesas com Im veis Destinados   Renda ou Venda|
|I050|01012021|04|S|4|639|626|Preju zo na Baixa de Bens do Ativo N o Circulante|
|I050|01012021|04|A|5|640|639|Investimentos|
|I051||3.01.01.11.01.02|
|I052||4-6-01-03|
|I050|01012021|04|A|5|641|639|Imobilizado|
|I051||3.01.01.11.01.02|
|I052||4-6-01-03|
|I050|01012021|04|S|3|646|625|Contas de Destina  o / Apura  o de Resultado|
|I050|01012021|04|S|4|647|646|Impostos e Contribui  es Sobre o Lucro|
|I050|01012021|04|A|5|648|647|Imposto de Renda da Pessoa Jur dica - IRPJ|
|I051||3.02.01.01.01.02|
|I052||4-6-02-01|
|I050|01012021|04|A|5|649|647|Contribui  o Social sobre o Lucro L quido - CSLL|
|I051||3.02.01.01.01.01|
|I052||4-6-02-01|
|I050|01012021|09|S|1|660||Contas Transit rias  - Apura  o|
|I050|01012021|09|S|2|661|660|Apura  o do Resultado do Per odo|
|I050|01012021|09|S|3|662|661|Apura  o do Resultado|
|I050|01012021|09|S|4|663|662|Exerc cio corrente|
|I050|01012021|09|A|5|664|663|Resultado do exerc cio|
|I051||3.01.01.09.01.99|
|I052||5-1-01-01|
|I050|01012021|09|A|5|665|663|Resultado de transa  es eventuais|
|I051||3.01.01.09.01.99|
|I052||5-1-01-01|
|I075|00016|VALOR REF|
|I075|00036|ENCERRAMENTO DO EXERCICIO|
|I150|24112022|30112022|
|I155|11||3000,00|D|0,00|0,00|3000,00|D|
|I155|117||17988630,00|D|9039700,00|0,00|27028330,00|D|
|I155|12||691872,57|D|8500000,00|9039700,00|152172,57|D|
|I155|123||17327,04|D|300,00|0,00|17627,04|D|
|I155|126||676,00|D|1170,65|0,00|1846,65|D|
|I155|137||3109,98|D|0,00|0,00|3109,98|D|
|I155|14||26,67|D|0,00|0,00|26,67|D|
|I155|155||1247,26|C|0,00|51,83|1299,09|C|
|I155|19||10650,14|D|343,73|10429,90|563,97|D|
|I155|201||0,00|C|0,00|1600,00|1600,00|C|
|I155|202||0,00|C|0,00|1570,00|1570,00|C|
|I155|203||0,00|C|0,00|557,00|557,00|C|
|I155|208||0,01|D|0,00|0,00|0,01|D|
|I155|213||378,28|C|378,28|4966,78|4966,78|C|
|I155|215||1745,92|C|1745,92|22923,59|22923,59|C|
|I155|263||917632,89|C|0,00|0,00|917632,89|C|
|I155|267||2578,79|C|0,00|0,00|2578,79|C|
|I155|269||60,28|C|0,00|1584,50|1644,78|C|
|I155|270||63,76|C|0,00|0,00|63,76|C|
|I155|271||440,65|D|9,33|0,00|449,98|D|
|I155|272||159,05|D|3,37|162,42|0,00|C|
|I155|277||4,96|D|0,01|4,97|0,00|C|
|I155|278||68,81|D|645,31|0,00|714,12|D|
|I155|279||25000,00|C|25000,00|0,00|0,00|C|
|I155|280||205,86|D|32,58|0,00|238,44|D|
|I155|281||28313,45|C|44937,62|16624,17|0,00|C|
|I155|287||419,56|D|8,88|0,00|428,44|D|
|I155|290||36,00|C|4,90|0,00|31,10|C|
|I155|299||159736,19|C|14510,42|8149,41|153375,18|C|
|I155|321||933488,04|C|0,00|16345,48|949833,52|C|
|I155|322||0,00|C|0,00|8509837,10|8509837,10|C|
|I155|324||309141,37|C|0,00|5750,60|314891,97|C|
|I155|325||8700000,00|C|0,00|50459,45|8750459,45|C|
|I155|326||5009647,95|C|0,00|29055,64|5038703,59|C|
|I155|327||4301735,47|C|0,00|24949,80|4326685,27|C|
|I155|331||13984,80|C|0,00|0,00|13984,80|C|
|I155|360||828583,40|C|0,00|0,00|828583,40|C|
|I155|361||58173,58|D|0,00|0,00|58173,58|D|
|I155|368||3150,00|C|0,00|0,00|3150,00|C|
|I155|384||0,00|C|87,44|14510,42|14422,98|C|
|I155|392||0,00|D|4966,78|0,00|4966,78|D|
|I155|393||0,00|D|22923,59|0,00|22923,59|D|
|I155|417||0,00|C|0,05|4995,06|4995,01|C|
|I155|418||0,00|C|0,00|343,73|343,73|C|
|I155|44||300500,00|D|0,00|24500,00|276000,00|D|
|I155|45||2603,43|D|0,00|0,00|2603,43|D|
|I155|46||35150,57|D|0,00|0,00|35150,57|D|
|I155|47||21200,00|D|6000,00|0,00|27200,00|D|
|I155|501||0,00|D|100,00|0,00|100,00|D|
|I155|503||0,00|D|1600,00|0,00|1600,00|D|
|I155|504||0,00|D|2127,00|0,00|2127,00|D|
|I155|52||210571,45|D|28000,00|52581,24|185990,21|D|
|I155|53||442247,35|D|0,00|20000,00|422247,35|D|
|I155|54||377000,55|D|0,00|44576,22|332424,33|D|
|I155|546||0,00|D|51,83|0,00|51,83|D|
|I155|55||275645,08|D|0,00|0,00|275645,08|D|
|I155|56||95486,94|D|63636,32|31927,43|127195,83|D|
|I155|570||0,00|D|321,00|0,00|321,00|D|
|I155|578||0,00|D|87,00|0,00|87,00|D|
|I155|58||42277,50|D|0,00|0,00|42277,50|D|
|I155|586||0,00|D|77,36|4,90|72,46|D|
|I155|587||0,00|D|136398,07|0,00|136398,07|D|
|I155|61||46000,00|D|0,00|0,00|46000,00|D|
|I155|62||196292,61|D|0,00|5138,14|191154,47|D|
|I155|66||9,98|C|0,00|0,00|9,98|C|
|I155|665||0,00|D|74389,57|90782,45|16392,88|C|
|I155|68||100022,80|D|75006,00|30010,00|145018,80|D|
|I155|69||202048,73|D|0,00|0,00|202048,73|D|
|I155|7||63,84|D|8500000,00|8500021,90|41,94|D|
|I155|73||80000,00|D|0,00|0,00|80000,00|D|
|I155|78||9129,60|D|77,34|0,00|9206,94|D|
|I155|8||25528,50|D|212866,58|193392,80|45002,28|D|
|I150|01122022|31122022|
|I155|11||3000,00|D|0,00|0,00|3000,00|D|
|I155|117||27028330,00|D|0,00|27028330,00|0,00|D|
|I155|12||152172,57|D|28523830,80|28676003,37|0,00|C|
|I155|123||17627,04|D|1200,00|0,00|18827,04|D|
|I155|126||1846,65|D|1600,00|0,00|3446,65|D|
|I155|137||3109,98|D|0,00|0,00|3109,98|D|
|I155|14||26,67|D|326947,19|326966,42|7,44|D|
|I155|155||1299,09|C|0,00|51,83|1350,92|C|
|I155|16||0,00|D|1208840,56|0,00|1208840,56|D|
|I155|19||563,97|D|17,43|581,40|0,00|D|
|I155|201||1600,00|C|2933,33|2933,33|1600,00|C|
|I155|202||1570,00|C|1570,00|0,00|0,00|C|
|I155|203||557,00|C|557,00|557,00|557,00|C|
|I155|207||0,00|C|433799,88|433799,88|0,00|C|
|I155|208||0,01|D|0,00|158327,96|158327,95|C|
|I155|213||4966,78|C|4966,78|3798,14|3798,14|C|
|I155|215||22923,59|C|22923,59|17529,89|17529,89|C|
|I155|263||917632,89|C|0,00|0,00|917632,89|C|
|I155|267||2578,79|C|230,66|0,00|2348,13|C|
|I155|269||1644,78|C|190899,00|216691,67|27437,45|C|
|I155|270||63,76|C|19,60|0,00|44,16|C|
|I155|271||449,98|D|42,24|0,00|492,22|D|
|I155|272||0,00|C|3225,00|3225,50|0,50|C|
|I155|277||0,00|C|8356,47|8000,00|356,47|D|
|I155|278||714,12|D|95137,01|99831,45|3980,32|C|
|I155|279||0,00|C|3719,84|3720,00|0,16|C|
|I155|280||238,44|D|147,62|0,00|386,06|D|
|I155|281||0,00|C|97417,23|123613,56|26196,33|C|
|I155|286||0,00|C|20000,00|20000,00|0,00|C|
|I155|287||428,44|D|2346,79|3130,40|355,17|C|
|I155|290||31,10|C|162,95|131,85|0,00|C|
|I155|292||0,00|C|85322,04|81704,90|3617,14|D|
|I155|296||0,00|C|0,00|41649,07|41649,07|C|
|I155|299||153375,18|C|216195,52|62820,34|0,00|C|
|I155|321||949833,52|C|24787,20|17958,28|943004,60|C|
|I155|322||8509837,10|C|8557543,76|47706,66|0,00|C|
|I155|324||314891,97|C|0,00|6426,72|321318,69|C|
|I155|325||8750459,45|C|8797818,95|47359,50|0,00|C|
|I155|326||5038703,59|C|5065974,21|27270,62|0,00|C|
|I155|327||4326685,27|C|4350940,92|24255,65|0,00|C|
|I155|331||13984,80|C|0,00|0,00|13984,80|C|
|I155|360||828583,40|C|0,00|830939,81|1659523,21|C|
|I155|361||58173,58|D|0,00|0,00|58173,58|D|
|I155|362||0,00|C|300000,00|0,00|300000,00|D|
|I155|368||3150,00|C|0,00|0,00|3150,00|C|
|I155|384||14422,98|C|599381,86|584958,88|0,00|C|
|I155|392||4966,78|D|3798,14|8764,92|0,00|D|
|I155|393||22923,59|D|17529,89|40453,48|0,00|D|
|I155|417||4995,01|C|73553,80|68558,79|0,00|C|
|I155|418||343,73|C|1165441,87|1165098,14|0,00|C|
|I155|44||276000,00|D|192819,90|151000,00|317819,90|D|
|I155|45||2603,43|D|0,00|2603,43|0,00|D|
|I155|46||35150,57|D|0,00|3143,94|32006,63|D|
|I155|47||27200,00|D|12246,00|6550,00|32896,00|D|
|I155|501||100,00|D|0,00|100,00|0,00|D|
|I155|503||1600,00|D|2933,33|4533,33|0,00|D|
|I155|504||2127,00|D|871,10|2998,10|0,00|D|
|I155|52||185990,21|D|229574,63|164253,28|251311,56|D|
|I155|53||422247,35|D|480489,38|502514,77|400221,96|D|
|I155|54||332424,33|D|0,00|9980,00|322444,33|D|
|I155|546||51,83|D|51,83|103,66|0,00|D|
|I155|55||275645,08|D|0,00|0,00|275645,08|D|
|I155|56||127195,83|D|0,00|0,00|127195,83|D|
|I155|570||321,00|D|375,50|696,50|0,00|D|
|I155|578||87,00|D|0,00|87,00|0,00|D|
|I155|58||42277,50|D|0,00|0,00|42277,50|D|
|I155|586||72,46|D|709,76|782,22|0,00|D|
|I155|587||136398,07|D|170977,43|307375,50|0,00|D|
|I155|61||46000,00|D|40000,00|46000,00|40000,00|D|
|I155|62||191154,47|D|5100,00|81849,90|114404,57|D|
|I155|640||0,00|D|80498,60|80498,60|0,00|D|
|I155|648||0,00|D|433799,88|433799,88|0,00|D|
|I155|649||0,00|D|158327,96|158327,96|0,00|D|
|I155|66||9,98|C|27436,50|0,00|27426,52|D|
|I155|664||0,00|D|1868737,53|1868737,53|0,00|D|
|I155|665||16392,88|C|31011,62|14618,74|0,00|D|
|I155|68||145018,80|D|126028,00|95012,80|176034,00|D|
|I155|684||0,00|D|732719,82|723409,76|9310,06|D|
|I155|686||0,00|C|587,01|61849,53|61262,52|C|
|I155|69||202048,73|D|492641,52|421251,82|273438,43|D|
|I155|7||41,94|D|27369353,28|27369395,22|0,00|D|
|I155|73||80000,00|D|80000,00|80000,00|80000,00|D|
|I155|78||9206,94|D|500162,81|433799,88|75569,87|D|
|I155|8||45002,28|D|1164385,76|1202595,52|6792,52|D|
|I155|9||0,00|D|4000,00|4000,00|0,00|D|
|I200|HEFSWYRK8V|24112022|31011,62|N||
|I250|8||31011,62|D|1311||*TF:23112022CNABBRADESCO 2805||
|I250|665||31011,62|C|1311||*TF:23112022CNABBRADESCO 2805||
|I200|HEFSWYRK8Y|24112022|821,02|N||
|I250|299||821,02|D|1317||253: DESAGIO (TRANSIT>DEFINITIVA)||
|I250|384||821,02|C|1317||253: DESAGIO (TRANSIT>DEFINITIVA)||
|I200|HEFSWZRK8Z|24112022|5,35|N||
|I250|299||5,35|D|1317||253: RECEITA 3 (TRANSIT>DEFINITIVA)||
|I250|384||5,35|C|1317||253: RECEITA 3 (TRANSIT>DEFINITIVA)||
|I200|HEFSWZRK91|24112022|107,17|N||
|I250|299||107,17|D|1317||285811: DESAGIO (TRANSIT>DEFINITIVA)||
|I250|384||107,17|C|1317||285811: DESAGIO (TRANSIT>DEFINITIVA)||
|I200|HEFSWZRK92|24112022|2,55|N||
|I250|299||2,55|D|1317||285811: RECEITA 3 (TRANSIT>DEFINITIVA)||
|I250|384||2,55|C|1317||285811: RECEITA 3 (TRANSIT>DEFINITIVA)||
|I200|HEFSWZRK95|24112022|32,80|N||
|I250|299||32,80|D|1317||28770: DESAGIO (TRANSIT>DEFINITIVA)||
|I250|384||32,80|C|1317||28770: DESAGIO (TRANSIT>DEFINITIVA)||
|I200|HEFSWZRK96|24112022|3,30|N||
|I250|299||3,30|D|1317||28770: RECEITA 3 (TRANSIT>DEFINITIVA)||
|I250|384||3,30|C|1317||28770: RECEITA 3 (TRANSIT>DEFINITIVA)||
|I200|HEFSWZRK98|24112022|53,79|N||
|I250|299||53,79|D|1317||292721: DESAGIO (TRANSIT>DEFINITIVA)||
|I250|384||53,79|C|1317||292721: DESAGIO (TRANSIT>DEFINITIVA)||
|I200|HEFSX0RK99|24112022|6,58|N||
|I250|299||6,58|D|1317||292721: RECEITA 3 (TRANSIT>DEFINITIVA)||
|I250|384||6,58|C|1317||292721: RECEITA 3 (TRANSIT>DEFINITIVA)||
|I200|HEFSX0RK9D|24112022|439,06|N||
|I250|299||439,06|D|1318||PAPOULAS290515: DESAGIO (TRANSIT>DEFINI||
|I250|384||439,06|C|1318||PAPOULAS290515: DESAGIO (TRANSIT>DEFINI||
|I200|HEFSX0RK9E|24112022|1,50|N||
|I250|299||1,50|D|1318||PAPOULAS290515: RECEITA 3 (TRANSIT>DEFI||
|I250|384||1,50|C|1318||PAPOULAS290515: RECEITA 3 (TRANSIT>DEFI||
|I200|HEFSX0RK9H|24112022|44,47|N||
|I250|299||44,47|D|1319||PAPOULAS290601: DESAGIO (TRANSIT>DEFINI||
|I250|384||44,47|C|1319||PAPOULAS290601: DESAGIO (TRANSIT>DEFINI||
|I200|HEFSX1RK9I|24112022|1,66|N||
|I250|299||1,66|D|1319||PAPOULAS290601: RECEITA 3 (TRANSIT>DEFI||
|I250|384||1,66|C|1319||PAPOULAS290601: RECEITA 3 (TRANSIT>DEFI||
|I200|HEFSX1RK9L|24112022|78,59|N||
|I250|299||78,59|D|1320||PAPOULAS290602: DESAGIO (TRANSIT>DEFINI||
|I250|384||78,59|C|1320||PAPOULAS290602: DESAGIO (TRANSIT>DEFINI||
|I200|HEFSX1RK9M|24112022|1,66|N||
|I250|299||1,66|D|1320||PAPOULAS290602: RECEITA 3 (TRANSIT>DEFI||
|I250|384||1,66|C|1320||PAPOULAS290602: RECEITA 3 (TRANSIT>DEFI||
|I200|HEFSX1RK9P|24112022|302,78|N||
|I250|299||302,78|D|1321||PAPOULAS290903: DESAGIO (TRANSIT>DEFINI||
|I250|384||302,78|C|1321||PAPOULAS290903: DESAGIO (TRANSIT>DEFINI||
|I200|HEFSX1RK9Q|24112022|4,53|N||
|I250|299||4,53|D|1321||PAPOULAS290903: RECEITA 3 (TRANSIT>DEFI||
|I250|384||4,53|C|1321||PAPOULAS290903: RECEITA 3 (TRANSIT>DEFI||
|I200|HEFSX2RK9R|24112022|321,00|N||
|I250|570||321,00|D|||Reembolso Despesa Paulo||
|I250|8||321,00|C|||Reembolso Despesa Paulo||
|I200|HEFSX2RK9S|24112022|7,46|N||
|I250|586||7,46|D|||TARIFA PIX||
|I250|8||7,46|C|||TARIFA PIX||
|I200|HEFSX2RK9T|24112022|15000,00|N||
|I250|279||15000,00|D|||diferenca do valor pago a menor (saldo p||
|I250|8||15000,00|C|||diferenca do valor pago a menor (saldo p||
|I200|HEFSX2RK9U|24112022|11364,95|N||
|I250|281||11364,95|D|||diferenca do valor pago a menor (saldo p||
|I250|8||11364,95|C|||diferenca do valor pago a menor (saldo p||
|I200|HEFSX2RK9V|24112022|18313,45|N||
|I250|281||18313,45|D|||diferenca do valor pago a menor (saldo p||
|I250|8||18313,45|C|||diferenca do valor pago a menor (saldo p||
|I200|HEFSX2RK9W|24112022|4,62|N||
|I250|280||4,62|D|||CORRECAO SALDO DEVEDOR||
|I250|417||4,62|C|||CORRECAO SALDO DEVEDOR||
|I200|HEFSX2RK9X|24112022|1,32|N||
|I250|271||1,32|D|||CORRECAO SALDO DEVEDOR||
|I250|417||1,32|C|||CORRECAO SALDO DEVEDOR||
|I200|HEFSX3RK9Y|24112022|1,26|N||
|I250|287||1,26|D|||CORRECAO SALDO DEVEDOR||
|I250|417||1,26|C|||CORRECAO SALDO DEVEDOR||
|I200|HEFSX3RK9Z|24112022|0,48|N||
|I250|272||0,48|D|||CORRECAO SALDO DEVEDOR||
|I250|417||0,48|C|||CORRECAO SALDO DEVEDOR||
|I200|HEFSX3RKA0|24112022|0,21|N||
|I250|278||0,21|D|||CORRECAO SALDO DEVEDOR||
|I250|417||0,21|C|||CORRECAO SALDO DEVEDOR||
|I200|HEFSX3RKA1|24112022|0,01|N||
|I250|277||0,01|D|||CORRECAO SALDO DEVEDOR||
|I250|417||0,01|C|||CORRECAO SALDO DEVEDOR||
|I200|HEFSX3RKA2|24112022|0,05|N||
|I250|417||0,05|D|||(CNAB) DIFERENCA DE MORA 28770||
|I250|281||0,05|C|||(CNAB) DIFERENCA DE MORA 28770||
|I200|HEFSX4RKA3|24112022|8500000,00|N||
|I250|7||8500000,00|D|||EMP (BRUTO): CPS  PRE||
|I250|322||8500000,00|C|||EMP (BRUTO): CPS  PRE||
|I200|HEFT5CRK4L|24112022|3163,00|N||
|I250|56||3163,00|D|1314||DUPLICATAS BORDERO No199||
|I250|299||5,10|C|1314||DESP BANC BORD No199||
|I250|299||106,40|C|1314||DESP FACTORING BORD No199||
|I250|281||3051,50|C|1314||LAQUA  BORD: 1992022||
|I200|HEFT5CRK4M|24112022|11003,31|N||
|I250|56||11003,31|D|1315||DUPLICATAS BORDERO No198||
|I250|299||5,10|C|1315||DESP BANC BORD No198||
|I250|299||387,50|C|1315||DESP FACTORING BORD No198||
|I250|8||10610,71|C|1315||LIBBORDNo 198 TED||
|I200|HEFT5CRK4N|24112022|28000,00|N||
|I250|52||28000,00|D|1316||DUPLICATAS BORDERO No14||
|I250|299||3,30|C|1316||DESP BANC BORD No14||
|I250|277||4,97|C|1316||ICE LOG  BORD: 142022||
|I250|299||3168,67|C|1316||DESP FACTORING BORD No14||
|I250|8||24823,06|C|1316||LIBBORDNo 14 TED||
|I200|HEFT5CRK4O|24112022|53480,31|N||
|I250|665||53480,31|D|1317||*TP:24112022CNABBRADESCO 2805||
|I250|417||254,30|C|1317||CNAB DUP   (MORA)||
|I250|417||1125,78|C|1317||CNAB DUP   (MORA)||
|I250|56||3409,23|C|1317||CNAB DUP  (RESIDUAL)||
|I250|56||3739,00|C|1317||CNAB DUP  (RESIDUAL)||
|I250|56||6132,00|C|1317||CNAB DUP  (RESIDUAL)||
|I250|52||38820,00|C|1317||CNAB DUP  (RESIDUAL)||
|I200|HEFT5CRK4P|24112022|747,33|N||
|I250|8||747,33|D|1318||QUIT  PAPOULAS290515 (BANCO)||
|I250|62||747,33|C|1318||QUIT DUP PAPOULAS290515 (RESIDUAL)||
|I200|HEFT5DRK4Q|24112022|827,26|N||
|I250|8||827,26|D|1319||QUIT  PAPOULAS290601 (BANCO)||
|I250|62||827,26|C|1319||QUIT DUP PAPOULAS290601 (RESIDUAL)||
|I200|HEFT5DRK4R|24112022|827,26|N||
|I250|8||827,26|D|1320||QUIT  PAPOULAS290602 (BANCO)||
|I250|62||827,26|C|1320||QUIT DUP PAPOULAS290602 (RESIDUAL)||
|I200|HEFT5DRK4S|24112022|2263,74|N||
|I250|8||2263,74|D|1321||QUIT  PAPOULAS290903 (BANCO)||
|I250|62||2263,74|C|1321||QUIT DUP PAPOULAS290903 (RESIDUAL)||
|I200|JQ64G7QI3|24112022|8500000,00|N||
|I250|12||8500000,00|D||00016|TED BCO 033 AGE 4421 CTA 130026766  RECEBIMENTO DE TED  SPB||
|I250|7||8500000,00|C||00016|TED BCO 033 AGE 4421 CTA 130026766  RECEBIMENTO DE TED  SPB||
|I200|HEFSX5RKAH|25112022|53480,31|N||
|I250|8||53480,31|D|1317||*TF:24112022CNABBRADESCO 2805||
|I250|665||53480,31|C|1317||*TF:24112022CNABBRADESCO 2805||
|I200|HEFSX5RKAJ|25112022|93,17|N||
|I250|299||93,17|D|1325||APTO102ASL06: DESAGIO (TRANSIT>DEFINITI||
|I250|384||93,17|C|1325||APTO102ASL06: DESAGIO (TRANSIT>DEFINITI||
|I200|HEFSX5RKAK|25112022|1,46|N||
|I250|299||1,46|D|1325||APTO102ASL06: RECEITA 3 (TRANSIT>DEFINI||
|I250|384||1,46|C|1325||APTO102ASL06: RECEITA 3 (TRANSIT>DEFINI||
|I200|HEFSX5RKAN|25112022|21,90|N||
|I250|586||21,90|D|||TARIFA DOC  TED  Boca do Caixa||
|I250|7||21,90|C|||TARIFA DOC  TED  Boca do Caixa||
|I200|HEFSX6RKAO|25112022|12,60|N||
|I250|586||12,60|D|||TARIFA REG COBRANCA (x7)||
|I250|8||12,60|C|||TARIFA REG COBRANCA (x7)||
|I200|HEFSX6RKAP|25112022|200,00|N||
|I250|123||200,00|D|||PREST SERV PJ  Custo Cisao (CAPEM)||
|I250|8||200,00|C|||PREST SERV PJ  Custo Cisao (CAPEM)||
|I200|HEFSX6RKAQ|25112022|200,00|N||
|I250|123||100,00|D|||PREST SERV PJ  AGE (CAPEM)||
|I250|501||100,00|D||00016|||
|I250|8||200,00|C|||PREST SERV PJ  AGE (CAPEM)||
|I200|HEFSX6RKAR|25112022|800,00|N||
|I250|126||800,00|D|||PREST SERV PJ  CONSTITUICAO ARCHE INVES||
|I250|8||800,00|C|||PREST SERV PJ  CONSTITUICAO ARCHE INVES||
|I200|HEFSX6RKAS|25112022|3,00|N||
|I250|586||3,00|D|||PIX  (X2)||
|I250|8||3,00|C|||PIX  (X2)||
|I200|HEFSX6RKAT|25112022|87,00|N||
|I250|578||87,00|D|||Aquisicao de Livro Registro de Acoes||
|I250|8||87,00|C|||Aquisicao de Livro Registro de Acoes||
|I200|HEFSX6RKAU|25112022|1745,92|N||
|I250|215||1745,92|D|||COFINS||
|I250|8||1745,92|C|||COFINS||
|I200|HEFSX7RKAV|25112022|378,28|N||
|I250|213||378,28|D|||PIS||
|I250|8||378,28|C|||PIS||
|I200|HEFSX7RKAW|25112022|1686,60|N||
|I250|281||1686,60|D|||diferenca do valor pago a menor (saldo p||
|I250|8||1686,60|C|||diferenca do valor pago a menor (saldo p||
|I200|HEFSX7RKAX|25112022|4,63|N||
|I250|280||4,63|D|||CORRECAO SALDO DEVEDOR||
|I250|417||4,63|C|||CORRECAO SALDO DEVEDOR||
|I200|HEFSX7RKAY|25112022|1,33|N||
|I250|271||1,33|D|||CORRECAO SALDO DEVEDOR||
|I250|417||1,33|C|||CORRECAO SALDO DEVEDOR||
|I200|HEFSX7RKAZ|25112022|1,26|N||
|I250|287||1,26|D|||CORRECAO SALDO DEVEDOR||
|I250|417||1,26|C|||CORRECAO SALDO DEVEDOR||
|I200|HEFSX7RKB0|25112022|0,48|N||
|I250|272||0,48|D|||CORRECAO SALDO DEVEDOR||
|I250|417||0,48|C|||CORRECAO SALDO DEVEDOR||
|I200|HEFSX7RKB1|25112022|0,21|N||
|I250|278||0,21|D|||CORRECAO SALDO DEVEDOR||
|I250|417||0,21|C|||CORRECAO SALDO DEVEDOR||
|I200|HEFT5DRK4T|25112022|3768,34|N||
|I250|56||3768,34|D|1322||DUPLICATAS BORDERO No200||
|I250|299||3,30|C|1322||DESP BANC BORD No200||
|I250|299||41,27|C|1322||DESP FACTORING BORD No200||
|I250|8||3723,77|C|1322||LIBBORDNo 200 TED||
|I200|HEFT5DRK4U|25112022|24599,00|N||
|I250|56||24599,00|D|1323||DUPLICATAS BORDERO No201||
|I250|299||5,10|C|1323||DESP BANC BORD No201||
|I250|299||1039,31|C|1323||DESP FACTORING BORD No201||
|I250|8||11500,00|C|1323||LIBBORDNo 201 TED||
|I250|281||12054,59|C|1323||LAQUA  BORD: 2012022||
|I200|HEFT5DRK4V|25112022|25000,00|N||
|I250|68||25000,00|D|1324||DUPLICATAS BORDERO No17||
|I250|299||6,90|C|1324||DESP BANC BORD No17||
|I250|299||733,32|C|1324||DESP FACTORING BORD No17||
|I250|8||24259,78|C|1324||LIBBORDNo 17 TED||
|I200|HEFT5DRK4W|25112022|472,55|N||
|I250|665||472,55|D|1325||*TP:25112022CNABBRADESCO 2805||
|I250|62||472,55|C|1325||CNAB DUP  (RESIDUAL)||
|I200|JUH7KT1XM|25112022|10352,56|N||
|I250|8||10352,56|D||00016|RESGATE DE APLICA  O||
|I250|19||10352,56|C||00016|RESGATE DE APLICA  O||
|I200|JUJPW61XT|25112022|77,34|N||
|I250|78||77,34|D||00016|IRRF NO RESGATE DA APLICA  O||
|I250|19||77,34|C||00016|IRRF NO RESGATE DA APLICA  O||
|I200|JUJR6M1XU|25112022|343,73|N||
|I250|19||343,73|D||00016|RENDIMENTO DA APLICA  O||
|I250|418||343,73|C||00016|RENDIMENTO DA APLICA  O||
|I200|HEFSX8RKB2|28112022|472,55|N||
|I250|8||472,55|D|1325||*TF:25112022CNABBRADESCO 2805||
|I250|665||472,55|C|1325||*TF:25112022CNABBRADESCO 2805||
|I200|HEFSX8RKB4|28112022|88,22|N||
|I250|299||88,22|D|1326||282582: DESAGIO (TRANSIT>DEFINITIVA)||
|I250|384||88,22|C|1326||282582: DESAGIO (TRANSIT>DEFINITIVA)||
|I200|HEFSX8RKB5|28112022|1,47|N||
|I250|299||1,47|D|1326||282582: RECEITA 3 (TRANSIT>DEFINITIVA)||
|I250|384||1,47|C|1326||282582: RECEITA 3 (TRANSIT>DEFINITIVA)||
|I200|HEFSX8RKB7|28112022|71,96|N||
|I250|299||71,96|D|1326||282592: DESAGIO (TRANSIT>DEFINITIVA)||
|I250|384||71,96|C|1326||282592: DESAGIO (TRANSIT>DEFINITIVA)||
|I200|HEFSX8RKB8|28112022|1,20|N||
|I250|299||1,20|D|1326||282592: RECEITA 3 (TRANSIT>DEFINITIVA)||
|I250|384||1,20|C|1326||282592: RECEITA 3 (TRANSIT>DEFINITIVA)||
|I200|HEFSX9RKBA|28112022|72,22|N||
|I250|299||72,22|D|1326||287333: DESAGIO (TRANSIT>DEFINITIVA)||
|I250|384||72,22|C|1326||287333: DESAGIO (TRANSIT>DEFINITIVA)||
|I200|HEFSX9RKBB|28112022|2,30|N||
|I250|299||2,30|D|1326||287333: RECEITA 3 (TRANSIT>DEFINITIVA)||
|I250|384||2,30|C|1326||287333: RECEITA 3 (TRANSIT>DEFINITIVA)||
|I200|HEFSX9RKBD|28112022|350,00|N||
|I250|8||350,00|D|||DEPOSITO  001517||
|I250|56||350,00|C|||DEPOSITO  001517||
|I200|HEFSX9RKBE|28112022|13,65|N||
|I250|299||13,65|D|||001517: DESAGIO (TRANSIT>DEFINITIVA)||
|I250|384||13,65|C|||001517: DESAGIO (TRANSIT>DEFINITIVA)||
|I200|HEFSX9RKBF|28112022|0,18|N||
|I250|299||0,18|D|||001517: RECEITA 3 (TRANSIT>DEFINITIVA)||
|I250|384||0,18|C|||001517: RECEITA 3 (TRANSIT>DEFINITIVA)||
|I200|HEFSX9RKBG|28112022|2793,35|N||
|I250|8||2793,35|D|||DEPOSITO  003759||
|I250|56||2793,35|C|||DEPOSITO  003759||
|I200|HEFSXARKBH|28112022|108,94|N||
|I250|299||108,94|D|||003759: DESAGIO (TRANSIT>DEFINITIVA)||
|I250|384||108,94|C|||003759: DESAGIO (TRANSIT>DEFINITIVA)||
|I200|HEFSXARKBI|28112022|1,42|N||
|I250|299||1,42|D|||003759: RECEITA 3 (TRANSIT>DEFINITIVA)||
|I250|384||1,42|C|||003759: RECEITA 3 (TRANSIT>DEFINITIVA)||
|I200|HEFSXARKBJ|28112022|4692,98|N||
|I250|8||4692,98|D|||DEPOSITO  000291||
|I250|56||4692,98|C|||DEPOSITO  000291||
|I200|HEFSXARKBK|28112022|127,45|N||
|I250|299||127,45|D|||000291: DESAGIO (TRANSIT>DEFINITIVA)||
|I250|384||127,45|C|||000291: DESAGIO (TRANSIT>DEFINITIVA)||
|I200|HEFSXARKBL|28112022|4,51|N||
|I250|299||4,51|D|||000291: RECEITA 3 (TRANSIT>DEFINITIVA)||
|I250|384||4,51|C|||000291: RECEITA 3 (TRANSIT>DEFINITIVA)||
|I200|HEFSXARKBM|28112022|839,50|N||
|I250|8||839,50|D|||DEPOSITO  000112||
|I250|56||839,50|C|||DEPOSITO  000112||
|I200|HEFSXARKBN|28112022|20,10|N||
|I250|299||20,10|D|||000112: DESAGIO (TRANSIT>DEFINITIVA)||
|I250|384||20,10|C|||000112: DESAGIO (TRANSIT>DEFINITIVA)||
|I200|HEFSXARKBO|28112022|0,75|N||
|I250|299||0,75|D|||000112: RECEITA 3 (TRANSIT>DEFINITIVA)||
|I250|384||0,75|C|||000112: RECEITA 3 (TRANSIT>DEFINITIVA)||
|I200|HEFSXARKBP|28112022|10,80|N||
|I250|586||10,80|D|||TARIFA REG COBRANCA (6X)||
|I250|8||10,80|C|||TARIFA REG COBRANCA (6X)||
|I200|HEFSXBRKBQ|28112022|9,00|N||
|I250|586||9,00|D|||TARIFA PIX (x6)||
|I250|8||9,00|C|||TARIFA PIX (x6)||
|I200|HEFSXBRKBR|28112022|10000,00|N||
|I250|279||10000,00|D|||diferenca do valor pago a menor (saldo p||
|I250|8||10000,00|C|||diferenca do valor pago a menor (saldo p||
|I200|HEFSXBRKBS|28112022|10054,59|N||
|I250|281||10054,59|D|||diferenca do valor pago a menor (saldo p||
|I250|8||10054,59|C|||diferenca do valor pago a menor (saldo p||
|I200|HEFSXCRKBW|28112022|700,00|N||
|I250|299||700,00|D|1327||FKPL2110B: DESAGIO (TRANSIT>DEFINITIVA)||
|I250|384||700,00|C|1327||FKPL2110B: DESAGIO (TRANSIT>DEFINITIVA)||
|I200|HEFSXCRKBX|28112022|0,50|N||
|I250|299||0,50|D|1327||FKPL2110B: RECEITA 3 (TRANSIT>DEFINITIV||
|I250|384||0,50|C|1327||FKPL2110B: RECEITA 3 (TRANSIT>DEFINITIV||
|I200|HEFSXCRKBZ|28112022|13,94|N||
|I250|280||13,94|D|||CORRECAO SALDO DEVEDOR||
|I250|417||13,94|C|||CORRECAO SALDO DEVEDOR||
|I200|HEFSXCRKC0|28112022|3,99|N||
|I250|271||3,99|D|||CORRECAO SALDO DEVEDOR||
|I250|417||3,99|C|||CORRECAO SALDO DEVEDOR||
|I200|HEFSXCRKC1|28112022|3,80|N||
|I250|287||3,80|D|||CORRECAO SALDO DEVEDOR||
|I250|417||3,80|C|||CORRECAO SALDO DEVEDOR||
|I200|HEFSXCRKC2|28112022|1,44|N||
|I250|272||1,44|D|||CORRECAO SALDO DEVEDOR||
|I250|417||1,44|C|||CORRECAO SALDO DEVEDOR||
|I200|HEFSXCRKC3|28112022|0,62|N||
|I250|278||0,62|D|||CORRECAO SALDO DEVEDOR||
|I250|417||0,62|C|||CORRECAO SALDO DEVEDOR||
|I200|HEFT5ERK4X|28112022|5817,97|N||
|I250|665||5817,97|D|1326||*TP:28112022CNABBRADESCO 2805||
|I250|56||1581,50|C|1326||CNAB DUP  (RESIDUAL)||
|I250|56||1939,00|C|1326||CNAB DUP  (RESIDUAL)||
|I250|56||2297,47|C|1326||CNAB DUP  (RESIDUAL)||
|I200|HEFT5ERK4Y|28112022|20640,00|N||
|I250|8||20000,00|D|1327||RCn:1  :CEDENTE>FACTORING||
|I250|278||640,00|D|1327||RCn:1  :REC AVULSA DEB CC||
|I250|417||640,00|C|1327||RCn:1  :FKPL2110B>MORA||
|I250|53||20000,00|C|1327||RCn:1  :DP  FKPL2110B>RES||
|I200|HEFSXDRKC8|29112022|5817,97|N||
|I250|8||5817,97|D|1326||*TF:28112022CNABBRADESCO 2805||
|I250|665||5817,97|C|1326||*TF:28112022CNABBRADESCO 2805||
|I200|HEFSXDRKC9|29112022|2280,00|N||
|I250|8||2280,00|D|||DEPOSITO  000243||
|I250|56||2280,00|C|||DEPOSITO  000243||
|I200|HEFSXDRKCA|29112022|71,67|N||
|I250|299||71,67|D|||000243: DESAGIO (TRANSIT>DEFINITIVA)||
|I250|384||71,67|C|||000243: DESAGIO (TRANSIT>DEFINITIVA)||
|I200|HEFSXDRKCB|29112022|1,94|N||
|I250|299||1,94|D|||000243: RECEITA 3 (TRANSIT>DEFINITIVA)||
|I250|384||1,94|C|||000243: RECEITA 3 (TRANSIT>DEFINITIVA)||
|I200|HEFSXERKCC|29112022|665,90|N||
|I250|8||665,90|D|||DEPOSITO  000443||
|I250|56||665,90|C|||DEPOSITO  000443||
|I200|HEFSXERKCD|29112022|20,93|N||
|I250|299||20,93|D|||000443: DESAGIO (TRANSIT>DEFINITIVA)||
|I250|384||20,93|C|||000443: DESAGIO (TRANSIT>DEFINITIVA)||
|I200|HEFSXERKCE|29112022|0,57|N||
|I250|299||0,57|D|||000443: RECEITA 3 (TRANSIT>DEFINITIVA)||
|I250|384||0,57|C|||000443: RECEITA 3 (TRANSIT>DEFINITIVA)||
|I200|HEFSXERKCF|29112022|350,00|N||
|I250|56||350,00|D|||DEV CHQ  001517||
|I250|8||350,00|C|||DEV CHQ  001517||
|I200|HEFSXERKCG|29112022|13,65|N||
|I250|384||13,65|D|||001517: DESAGIO (DEFINITIVA>TRANSIT)||
|I250|299||13,65|C|||001517: DESAGIO (DEFINITIVA>TRANSIT)||
|I200|HEFSXERKCH|29112022|0,18|N||
|I250|384||0,18|D|||001517: RECEITA 3 (DEFINITIVA>TRANSIT)||
|I250|299||0,18|C|||001517: RECEITA 3 (DEFINITIVA>TRANSIT)||
|I200|HEFSXERKCI|29112022|209,00|N||
|I250|126||209,00|D|||Certificado Digital  Arche Investimento||
|I250|8||209,00|C|||Certificado Digital  Arche Investimento||
|I200|HEFSXERKCJ|29112022|6,00|N||
|I250|586||6,00|D|||TARIFA PIX (4X)||
|I250|8||6,00|C|||TARIFA PIX (4X)||
|I200|HEFSXFRKCK|29112022|11,65|N||
|I250|126||11,65|D|||TARIFA DOC  TED||
|I250|8||11,65|C|||TARIFA DOC  TED||
|I200|HEFSXFRKCN|29112022|2000,00|N||
|I250|281||2000,00|D|||diferenca do valor pago a menor (saldo p||
|I250|8||2000,00|C|||diferenca do valor pago a menor (saldo p||
|I200|HEFSXFRKCO|29112022|4,69|N||
|I250|280||4,69|D|||CORRECAO SALDO DEVEDOR||
|I250|417||4,69|C|||CORRECAO SALDO DEVEDOR||
|I200|HEFSXFRKCP|29112022|2,13|N||
|I250|278||2,13|D|||CORRECAO SALDO DEVEDOR||
|I250|417||2,13|C|||CORRECAO SALDO DEVEDOR||
|I200|HEFSXGRKCQ|29112022|1,34|N||
|I250|271||1,34|D|||CORRECAO SALDO DEVEDOR||
|I250|417||1,34|C|||CORRECAO SALDO DEVEDOR||
|I200|HEFSXGRKCR|29112022|1,28|N||
|I250|287||1,28|D|||CORRECAO SALDO DEVEDOR||
|I250|417||1,28|C|||CORRECAO SALDO DEVEDOR||
|I200|HEFSXGRKCS|29112022|0,48|N||
|I250|272||0,48|D|||CORRECAO SALDO DEVEDOR||
|I250|417||0,48|C|||CORRECAO SALDO DEVEDOR||
|I200|HEFT5ERK4Z|29112022|6045,00|N||
|I250|56||6045,00|D|1328||DUPLICATAS BORDERO No202||
|I250|299||5,10|C|1328||DESP BANC BORD No202||
|I250|299||121,87|C|1328||DESP FACTORING BORD No202||
|I250|8||5918,03|C|1328||LIBBORDNo 202 TED||
|I200|HEFT5ERK50|29112022|1518,03|N||
|I250|8||1518,03|D|1329||REPOSICAO CEDENTE>FACTORING||
|I250|281||1518,03|C|1329||diferenca do valor pago a menor (saldo p||
|I200|HEFSXHRKD7|30112022|743,78|N||
|I250|299||743,78|D|1332||01742295 1: DESAGIO (TRANSIT>DEFINITIVA||
|I250|384||743,78|C|1332||01742295 1: DESAGIO (TRANSIT>DEFINITIVA||
|I200|HEFSXHRKD8|30112022|3,30|N||
|I250|299||3,30|D|1332||01742295 1: RECEITA 3 (TRANSIT>DEFINITI||
|I250|384||3,30|C|1332||01742295 1: RECEITA 3 (TRANSIT>DEFINITI||
|I200|HEFSXIRKDA|30112022|210,82|N||
|I250|299||210,82|D|1333||254: DESAGIO (TRANSIT>DEFINITIVA)||
|I250|384||210,82|C|1333||254: DESAGIO (TRANSIT>DEFINITIVA)||
|I200|HEFSXIRKDB|30112022|0,95|N||
|I250|299||0,95|D|1333||254: RECEITA 3 (TRANSIT>DEFINITIVA)||
|I250|384||0,95|C|1333||254: RECEITA 3 (TRANSIT>DEFINITIVA)||
|I200|HEFSXIRKDD|30112022|22,37|N||
|I250|299||22,37|D|1333||291112: DESAGIO (TRANSIT>DEFINITIVA)||
|I250|384||22,37|C|1333||291112: DESAGIO (TRANSIT>DEFINITIVA)||
|I200|HEFSXIRKDE|30112022|1,42|N||
|I250|299||1,42|D|1333||291112: RECEITA 3 (TRANSIT>DEFINITIVA)||
|I250|384||1,42|C|1333||291112: RECEITA 3 (TRANSIT>DEFINITIVA)||
|I200|HEFSXIRKDG|30112022|2280,00|N||
|I250|56||2280,00|D|||DEV CHQ  000243||
|I250|8||2280,00|C|||DEV CHQ  000243||
|I200|HEFSXIRKDH|30112022|71,67|N||
|I250|384||71,67|D|||000243: DESAGIO (DEFINITIVA>TRANSIT)||
|I250|299||71,67|C|||000243: DESAGIO (DEFINITIVA>TRANSIT)||
|I200|HEFSXJRKDI|30112022|1,94|N||
|I250|384||1,94|D|||000243: RECEITA 3 (DEFINITIVA>TRANSIT)||
|I250|299||1,94|C|||000243: RECEITA 3 (DEFINITIVA>TRANSIT)||
|I200|HEFSXJRKDL|30112022|13,65|N||
|I250|299||13,65|D|1334||001517: DESAGIO (TRANSIT>DEFINITIVA)||
|I250|384||13,65|C|1334||001517: DESAGIO (TRANSIT>DEFINITIVA)||
|I200|HEFSXJRKDM|30112022|0,18|N||
|I250|299||0,18|D|1334||001517: RECEITA 3 (TRANSIT>DEFINITIVA)||
|I250|384||0,18|C|1334||001517: RECEITA 3 (TRANSIT>DEFINITIVA)||
|I200|HEFSXJRKDN|30112022|3,60|N||
|I250|586||3,60|D|||TARIFA REG COBRANCA (2X)||
|I250|8||3,60|C|||TARIFA REG COBRANCA (2X)||
|I200|HEFSXJRKDO|30112022|3,00|N||
|I250|586||3,00|D|||TARIFA PIX (X2)||
|I250|8||3,00|C|||TARIFA PIX (X2)||
|I200|HEFSXKRKDP|30112022|1518,03|N||
|I250|281||1518,03|D|||diferenca do valor pago a menor (saldo p||
|I250|8||1518,03|C|||diferenca do valor pago a menor (saldo p||
|I200|HEFSXKRKDS|30112022|3984,00|N||
|I250|299||3984,00|D|1335||301022: DESAGIO (TRANSIT>DEFINITIVA)||
|I250|384||3984,00|C|1335||301022: DESAGIO (TRANSIT>DEFINITIVA)||
|I200|HEFSXKRKDT|30112022|0,75|N||
|I250|299||0,75|D|1335||301022: RECEITA 3 (TRANSIT>DEFINITIVA)||
|I250|384||0,75|C|1335||301022: RECEITA 3 (TRANSIT>DEFINITIVA)||
|I200|HEFSXKRKDV|30112022|4596,92|N||
|I250|299||4596,92|D|1335||301122: DESAGIO (TRANSIT>DEFINITIVA)||
|I250|384||4596,92|C|1335||301122: DESAGIO (TRANSIT>DEFINITIVA)||
|I200|HEFSXKRKDW|30112022|0,75|N||
|I250|299||0,75|D|1335||301122: RECEITA 3 (TRANSIT>DEFINITIVA)||
|I250|384||0,75|C|1335||301122: RECEITA 3 (TRANSIT>DEFINITIVA)||
|I200|HEFSXLRKE0|30112022|798,27|N||
|I250|299||798,27|D|1336||230: DESAGIO (TRANSIT>DEFINITIVA)||
|I250|384||798,27|C|1336||230: DESAGIO (TRANSIT>DEFINITIVA)||
|I200|HEFSXLRKE2|30112022|4,90|N||
|I250|290||4,90|D|||DUP No 01742295 1||
|I250|586||4,90|C|||DUP No 01742295 1||
|I200|HEFSXLRKE3|30112022|4,70|N||
|I250|280||4,70|D|||CORRECAO SALDO DEVEDOR||
|I250|417||4,70|C|||CORRECAO SALDO DEVEDOR||
|I200|HEFSXLRKE4|30112022|2,14|N||
|I250|278||2,14|D|||CORRECAO SALDO DEVEDOR||
|I250|417||2,14|C|||CORRECAO SALDO DEVEDOR||
|I200|HEFSXLRKE5|30112022|1,35|N||
|I250|271||1,35|D|||CORRECAO SALDO DEVEDOR||
|I250|417||1,35|C|||CORRECAO SALDO DEVEDOR||
|I200|HEFSXMRKE6|30112022|1,28|N||
|I250|287||1,28|D|||CORRECAO SALDO DEVEDOR||
|I250|417||1,28|C|||CORRECAO SALDO DEVEDOR||
|I200|HEFSXMRKE7|30112022|0,49|N||
|I250|272||0,49|D|||CORRECAO SALDO DEVEDOR||
|I250|417||0,49|C|||CORRECAO SALDO DEVEDOR||
|I200|HEFT5NRK51|30112022|6000,00|N||
|I250|47||6000,00|D|1330||DUPLICATAS BORDERO No10||
|I250|299||1,50|C|1330||DESP BANC BORD No10||
|I250|272||162,42|C|1330||CICERO PITOMBO  BORD: 102022||
|I250|299||664,00|C|1330||DESP FACTORING BORD No10||
|I250|8||5172,08|C|1330||LIBBORDNo 10 TED||
|I200|HEFT5NRK52|30112022|12427,67|N||
|I250|56||12427,67|D|1331||CHEQUES BORDERO No203||
|I250|299||15,60|C|1331||DESP BANC BORD No203||
|I250|299||415,39|C|1331||DESP FACTORING BORD No203||
|I250|8||11996,68|C|1331||LIBBORDNo 203 TED||
|I200|HEFT5NRK53|30112022|50006,00|N||
|I250|68||50006,00|D|1332||DUPLICATAS BORDERO No18||
|I250|299||3,30|C|1332||DESP BANC BORD No18||
|I250|299||1329,94|C|1332||DESP FACTORING BORD No18||
|I250|8||18662,76|C|1332||LIBBORDNo 18 TED||
|I250|68||30010,00|C|1332||RCNo:2 :DP 01742295 1>VALRESID||
|I200|HEFT5NRK54|30112022|14618,74|N||
|I250|665||14618,74|D|1333||*TP:30112022CNABBRADESCO 2805||
|I250|56||857,50|C|1333||CNAB DUP  (RESIDUAL)||
|I250|52||13761,24|C|1333||CNAB DUP  (RESIDUAL)||
|I200|HEFT5NRK55|30112022|350,00|N||
|I250|8||350,00|D|1334||PGTOSUBSTITUTIVO 001517||
|I250|56||350,00|C|1334||PGTOSUBSTITUTIVO 001517||
|I200|HEFT5NRK56|30112022|44576,22|N||
|I250|8||44576,22|D|1335||RCn:1  :CEDENTE>FACTORING||
|I250|54||22288,11|C|1335||RCn:1  :DP  301022>RES||
|I250|54||22288,11|C|1335||RCn:1  :DP  301122>RES||
|I200|HEFT5ORK57|30112022|29000,00|N||
|I250|8||29000,00|D|1336||RCn:3  :CEDENTE>FACTORING||
|I250|269||1584,50|C|1336||REC 3||
|I250|417||2915,50|C|1336||RCn:3  :230>MORA||
|I250|44||24500,00|C|1336||RCn:3  :DP  230>RES||
|I200|JQ337OL6L|30112022|150,00|N||
|I250|126||150,00|D||00016|TRANSFERENCIA PIX DES: ARCHE INVESTIMENTOS S 3011||
|I250|8||150,00|C||00016|TRANSFERENCIA PIX DES: ARCHE INVESTIMENTOS S 3011||
|I200|JQ5V2UQI1|30112022|3698000,00|N||
|I250|117||3698000,00|D||00016|COMPRA BODY12  DEB A BODYTECH PARTICIPACOES  AGO2025||
|I250|12||3698000,00|C||00016|COMPRA BODY12  DEB A BODYTECH PARTICIPACOES  AGO2025||
|I200|JQ61BLQI2|30112022|5341700,00|N||
|I250|117||5341700,00|D||00016|COMPRA BODY12  DEB A BODYTECH PARTICIPACOES  AGO2025||
|I250|12||5341700,00|C||00016|COMPRA BODY12  DEB A BODYTECH PARTICIPACOES  AGO2025||
|I200|JQCH29L6M|30112022|50459,45|N||
|I250|587||50459,45|D||00016|ATUALIZA  O DE DEBENTURES||
|I250|325||50459,45|C||00016|ATUALIZA  O DE DEBENTURES||
|I200|JQCP6IL6N|30112022|9837,10|N||
|I250|587||9837,10|D||00016|ATUALIZA  O DE DEBENTURES||
|I250|322||9837,10|C||00016|ATUALIZA  O DE DEBENTURES||
|I200|JQCTREL6O|30112022|29055,64|N||
|I250|587||29055,64|D||00016|ATUALIZA  O DE DEBENTURES||
|I250|326||29055,64|C||00016|ATUALIZA  O DE DEBENTURES||
|I200|JQCXUVL6P|30112022|5750,60|N||
|I250|587||5750,60|D||00016|ATUALIZA  O DE DEBENTURES||
|I250|324||5750,60|C||00016|ATUALIZA  O DE DEBENTURES||
|I200|JQD150L6Q|30112022|16345,48|N||
|I250|587||16345,48|D||00016|ATUALIZA  O DE DEBENTURES||
|I250|321||16345,48|C||00016|ATUALIZA  O DE DEBENTURES||
|I200|JQD4UNL6R|30112022|24949,80|N||
|I250|587||24949,80|D||00016|ATUALIZA  O DE DEBENTURES||
|I250|327||24949,80|C||00016|ATUALIZA  O DE DEBENTURES||
|I200|JR29OCL6S|30112022|821,84|N||
|I250|299||821,84|D||00016|ACERTO DA RECEITA CONFORME RELAT RIO DA RGB DO PERIODO||
|I250|384||821,84|C||00016|ACERTO DA RECEITA CONFORME RELAT RIO DA RGB DO PERIODO||
|I200|JVHECNGV1|30112022|1600,00|N||
|I250|503||1600,00|D||00016|202200000000435 CAPEM SERVI OS CONTAB IS LTDA||
|I250|201||1600,00|C||00016|202200000000435 CAPEM SERVI OS CONTAB IS LTDA||
|I200|JVHKE6GV3|30112022|4966,78|N||
|I250|392||4966,78|D||00016|Refer ncia: 112022||
|I250|213||4966,78|C||00016|Refer ncia: 112022||
|I200|JVHKE6GV4|30112022|22923,59|N||
|I250|393||22923,59|D||00016|Refer ncia: 112022||
|I250|215||22923,59|C||00016|Refer ncia: 112022||
|I200|JVI0FLN81|30112022|51,83|N||
|I250|546||51,83|D|||Lan amento de Deprecia  o||
|I250|155||51,83|C|||Lan amento de Deprecia  o||
|I200|JVT7I2HJ1|30112022|1570,00|N||
|I250|504||1570,00|D||00016|SERVI O TOMADO NO M S||
|I250|202||1570,00|C||00016|SERVI O TOMADO NO M S||
|I200|JVT8DTHJ2|30112022|557,00|N||
|I250|504||557,00|D||00016|SERVI O TOMADO NO M S||
|I250|203||557,00|C||00016|SERVI O TOMADO NO M S||
|I200|Q0E1NWJ09V|01122022|14618,74|N||
|I250|8||14618,74|D|1454||*TF:30112022CNABBRADESCO 2805||
|I250|684||14618,74|C|1454||*TF:30112022CNABBRADESCO 2805||
|I200|Q0E1NXJ09X|01122022|1556,33|N||
|I250|299||1556,33|D|1460||235: DESAGIO (TRANSIT>DEFINITIVA)||
|I250|384||1556,33|C|1460||235: DESAGIO (TRANSIT>DEFINITIVA)||
|I200|Q0E1NXJ09Y|01122022|1,63|N||
|I250|299||1,63|D|1460||235: RECEITA 3 (TRANSIT>DEFINITIVA)||
|I250|586||1,63|C|1460||235: RECEITA 3 (TRANSIT>DEFINITIVA)||
|I200|Q0E1NXJ0A0|01122022|385,42|N||
|I250|299||385,42|D|1460||255: DESAGIO (TRANSIT>DEFINITIVA)||
|I250|384||385,42|C|1460||255: DESAGIO (TRANSIT>DEFINITIVA)||
|I200|Q0E1NXJ0A1|01122022|1,74|N||
|I250|299||1,74|D|1460||255: RECEITA 3 (TRANSIT>DEFINITIVA)||
|I250|586||1,74|C|1460||255: RECEITA 3 (TRANSIT>DEFINITIVA)||
|I200|Q0E1NXJ0A3|01122022|132,96|N||
|I250|299||132,96|D|1460||285812: DESAGIO (TRANSIT>DEFINITIVA)||
|I250|384||132,96|C|1460||285812: DESAGIO (TRANSIT>DEFINITIVA)||
|I200|Q0E1NYJ0A4|01122022|2,55|N||
|I250|299||2,55|D|1460||285812: RECEITA 3 (TRANSIT>DEFINITIVA)||
|I250|586||2,55|C|1460||285812: RECEITA 3 (TRANSIT>DEFINITIVA)||
|I200|Q0E1NYJ0A6|01122022|225,03|N||
|I250|299||225,03|D|1460||288221: DESAGIO (TRANSIT>DEFINITIVA)||
|I250|384||225,03|C|1460||288221: DESAGIO (TRANSIT>DEFINITIVA)||
|I200|Q0E1NYJ0A7|01122022|3,93|N||
|I250|299||3,93|D|1460||288221: RECEITA 3 (TRANSIT>DEFINITIVA)||
|I250|586||3,93|C|1460||288221: RECEITA 3 (TRANSIT>DEFINITIVA)||
|I200|Q0E1NYJ0AA|01122022|159,77|N||
|I250|299||159,77|D|1460||29029: DESAGIO (TRANSIT>DEFINITIVA)||
|I250|384||159,77|C|1460||29029: DESAGIO (TRANSIT>DEFINITIVA)||
|I200|Q0E1NYJ0AB|01122022|2,42|N||
|I250|299||2,42|D|1460||29029: RECEITA 3 (TRANSIT>DEFINITIVA)||
|I250|586||2,42|C|1460||29029: RECEITA 3 (TRANSIT>DEFINITIVA)||
|I200|Q0E1NZJ0AE|01122022|3197,00|N||
|I250|8||3197,00|D|||DEPOSITO  000028||
|I250|69||3197,00|C|||DEPOSITO  000028||
|I200|Q0E1NZJ0AF|01122022|107,37|N||
|I250|299||107,37|D|||000028: DESAGIO (TRANSIT>DEFINITIVA)||
|I250|384||107,37|C|||000028: DESAGIO (TRANSIT>DEFINITIVA)||
|I200|Q0E1NZJ0AG|01122022|2,72|N||
|I250|299||2,72|D|||000028: RECEITA 3 (TRANSIT>DEFINITIVA)||
|I250|586||2,72|C|||000028: RECEITA 3 (TRANSIT>DEFINITIVA)||
|I200|Q0E1NZJ0AH|01122022|7921,50|N||
|I250|8||7921,50|D|||DEPOSITO  851062||
|I250|69||7921,50|C|||DEPOSITO  851062||
|I200|Q0E1NZJ0AI|01122022|249,00|N||
|I250|299||249,00|D|||851062: DESAGIO (TRANSIT>DEFINITIVA)||
|I250|384||249,00|C|||851062: DESAGIO (TRANSIT>DEFINITIVA)||
|I200|Q0E1NZJ0AJ|01122022|4,35|N||
|I250|299||4,35|D|||851062: RECEITA 3 (TRANSIT>DEFINITIVA)||
|I250|586||4,35|C|||851062: RECEITA 3 (TRANSIT>DEFINITIVA)||
|I200|Q0E1NZJ0AM|01122022|71,67|N||
|I250|299||71,67|D|1461||000243: DESAGIO (TRANSIT>DEFINITIVA)||
|I250|384||71,67|C|1461||000243: DESAGIO (TRANSIT>DEFINITIVA)||
|I200|Q0E1NZJ0AN|01122022|1,94|N||
|I250|299||1,94|D|1461||000243: RECEITA 3 (TRANSIT>DEFINITIVA)||
|I250|586||1,94|C|1461||000243: RECEITA 3 (TRANSIT>DEFINITIVA)||
|I200|Q0E1O0J0AO|01122022|3,00|N||
|I250|586||3,00|D|||TARIFA PIX (X2)||
|I250|8||3,00|C|||TARIFA PIX (X2)||
|I200|Q0E1O0J0AP|01122022|17000,00|N||
|I250|281||17000,00|D|||antecipacao||
|I250|8||17000,00|C|||antecipacao||
|I200|Q0E1O0J0AQ|01122022|4,72|N||
|I250|280||4,72|D|||CORRECAO SALDO DEVEDOR||
|I250|417||4,72|C|||CORRECAO SALDO DEVEDOR||
|I200|Q0E1O0J0AR|01122022|2,14|N||
|I250|278||2,14|D|||CORRECAO SALDO DEVEDOR||
|I250|417||2,14|C|||CORRECAO SALDO DEVEDOR||
|I200|Q0E1O0J0AS|01122022|1,35|N||
|I250|271||1,35|D|||CORRECAO SALDO DEVEDOR||
|I250|417||1,35|C|||CORRECAO SALDO DEVEDOR||
|I200|Q0E1O0J0AT|01122022|1,29|N||
|I250|287||1,29|D|||CORRECAO SALDO DEVEDOR||
|I250|417||1,29|C|||CORRECAO SALDO DEVEDOR||
|I200|Q0E1TDJ0B2|01122022|9712,40|N||
|I250|69||9712,40|D|1458||DUPLICATAS BORDERO No204||
|I250|299||6,90|C|1458||DESP BANC BORD No204||
|I250|299||232,31|C|1458||DESP FACTORING BORD No204||
|I250|8||9473,19|C|1458||LIBBORDNo 204 TED||
|I200|Q0E1TEJ0B3|01122022|44098,93|N||
|I250|69||44098,93|D|1459||CHEQUES BORDERO No205||
|I250|299||48,30|C|1459||DESP BANC BORD No205||
|I250|299||1558,89|C|1459||DESP FACTORING BORD No205||
|I250|8||42491,74|C|1459||LIBBORDNo 205 TED||
|I200|Q0E1TOJ0B4|01122022|65553,75|N||
|I250|684||58725,89|D|1460||*TP:01122022CNABBRADESCO 2805||
|I250|684||6827,86|D|1460||*TP:01122022CNABSantander||
|I250|417||153,51|C|1460||CNAB DUP   (MORA)||
|I250|69||3409,23|C|1460||CNAB DUP  (RESIDUAL)||
|I250|69||6674,35|C|1460||CNAB DUP  (RESIDUAL)||
|I250|69||7158,70|C|1460||CNAB DUP  (RESIDUAL)||
|I250|52||23000,00|C|1460||CNAB DUP  (RESIDUAL)||
|I250|52||25157,96|C|1460||CNAB DUP  (RESIDUAL)||
|I200|Q0E1TOJ0B5|01122022|2280,00|N||
|I250|8||2280,00|D|1461||PGTOSUBSTITUTIVO 000243||
|I250|69||2280,00|C|1461||PGTOSUBSTITUTIVO 000243||
|I200|Q0HIIYJ03Y|01122022|14618,74|N||
|I250|684||14618,74|D||00016|RECLASSIFICA  O||
|I250|665||14618,74|C||00016|RECLASSIFICA  O||
|I200|Q0E1O1J0BE|02122022|4876,02|N||
|I250|299||4876,02|D|1465||CDVINLAND20: DESAGIO (TRANSIT>DEFINITIV||
|I250|384||4876,02|C|1465||CDVINLAND20: DESAGIO (TRANSIT>DEFINITIV||
|I200|Q0E1O1J0BF|02122022|2,60|N||
|I250|299||2,60|D|1465||CDVINLAND20: RECEITA 3 (TRANSIT>DEFINIT||
|I250|586||2,60|C|1465||CDVINLAND20: RECEITA 3 (TRANSIT>DEFINIT||
|I200|Q0E1O1J0BI|02122022|217,94|N||
|I250|299||217,94|D|1465||048304001: DESAGIO (TRANSIT>DEFINITIVA||
|I250|384||217,94|C|1465||048304001: DESAGIO (TRANSIT>DEFINITIVA||
|I200|Q0E1O1J0BJ|02122022|1,99|N||
|I250|299||1,99|D|1465||048304001: RECEITA 3 (TRANSIT>DEFINITI||
|I250|586||1,99|C|1465||048304001: RECEITA 3 (TRANSIT>DEFINITI||
|I200|Q0E1O1J0BM|02122022|200,25|N||
|I250|299||200,25|D|1465||048310001: DESAGIO (TRANSIT>DEFINITIVA||
|I250|384||200,25|C|1465||048310001: DESAGIO (TRANSIT>DEFINITIVA||
|I200|Q0E1O1J0BN|02122022|1,83|N||
|I250|299||1,83|D|1465||048310001: RECEITA 3 (TRANSIT>DEFINITI||
|I250|586||1,83|C|1465||048310001: RECEITA 3 (TRANSIT>DEFINITI||
|I200|Q0E1O2J0BQ|02122022|820,00|N||
|I250|299||820,00|D|1465||FKPL2110C: DESAGIO (TRANSIT>DEFINITIVA)||
|I250|384||820,00|C|1465||FKPL2110C: DESAGIO (TRANSIT>DEFINITIVA)||
|I200|Q0E1O2J0BR|02122022|0,50|N||
|I250|299||0,50|D|1465||FKPL2110C: RECEITA 3 (TRANSIT>DEFINITIV||
|I250|586||0,50|C|1465||FKPL2110C: RECEITA 3 (TRANSIT>DEFINITIV||
|I200|Q0E1O2J0BU|02122022|173,78|N||
|I250|299||173,78|D|1465||049495001: DESAGIO (TRANSIT>DEFINITIVA||
|I250|384||173,78|C|1465||049495001: DESAGIO (TRANSIT>DEFINITIVA||
|I200|Q0E1O2J0BV|02122022|1,59|N||
|I250|299||1,59|D|1465||049495001: RECEITA 3 (TRANSIT>DEFINITI||
|I250|586||1,59|C|1465||049495001: RECEITA 3 (TRANSIT>DEFINITI||
|I200|Q0E1O2J0BY|02122022|203,89|N||
|I250|299||203,89|D|1465||049496001: DESAGIO (TRANSIT>DEFINITIVA||
|I250|384||203,89|C|1465||049496001: DESAGIO (TRANSIT>DEFINITIVA||
|I200|Q0E1O2J0BZ|02122022|1,94|N||
|I250|299||1,94|D|1465||049496001: RECEITA 3 (TRANSIT>DEFINITI||
|I250|586||1,94|C|1465||049496001: RECEITA 3 (TRANSIT>DEFINITI||
|I200|Q0E1O2J0C2|02122022|258,98|N||
|I250|299||258,98|D|1465||049498001: DESAGIO (TRANSIT>DEFINITIVA||
|I250|384||258,98|C|1465||049498001: DESAGIO (TRANSIT>DEFINITIVA||
|I200|Q0E1O2J0C3|02122022|1,96|N||
|I250|299||1,96|D|1465||049498001: RECEITA 3 (TRANSIT>DEFINITI||
|I250|586||1,96|C|1465||049498001: RECEITA 3 (TRANSIT>DEFINITI||
|I200|Q0E1O2J0C6|02122022|250,30|N||
|I250|299||250,30|D|1465||049499001: DESAGIO (TRANSIT>DEFINITIVA||
|I250|384||250,30|C|1465||049499001: DESAGIO (TRANSIT>DEFINITIVA||
|I200|Q0E1O2J0C7|02122022|1,90|N||
|I250|299||1,90|D|1465||049499001: RECEITA 3 (TRANSIT>DEFINITI||
|I250|586||1,90|C|1465||049499001: RECEITA 3 (TRANSIT>DEFINITI||
|I200|Q0E1O3J0CA|02122022|259,77|N||
|I250|299||259,77|D|1465||049502001: DESAGIO (TRANSIT>DEFINITIVA||
|I250|384||259,77|C|1465||049502001: DESAGIO (TRANSIT>DEFINITIVA||
|I200|Q0E1O3J0CB|02122022|1,97|N||
|I250|299||1,97|D|1465||049502001: RECEITA 3 (TRANSIT>DEFINITI||
|I250|586||1,97|C|1465||049502001: RECEITA 3 (TRANSIT>DEFINITI||
|I200|Q0E1O3J0CC|02122022|58725,89|N||
|I250|8||58725,89|D|1460||*TF:01122022CNABBRADESCO 2805||
|I250|684||58725,89|C|1460||*TF:01122022CNABBRADESCO 2805||
|I200|Q0E1O3J0CD|02122022|6827,86|N||
|I250|7||6827,86|D|1460||*TF:01122022CNABSantander||
|I250|684||6827,86|C|1460||*TF:01122022CNABSantander||
|I200|Q0E1O3J0CE|02122022|800,00|N||
|I250|8||800,00|D|||DEPOSITO  852975||
|I250|69||800,00|C|||DEPOSITO  852975||
|I200|Q0E1O3J0CF|02122022|26,87|N||
|I250|299||26,87|D|||852975: DESAGIO (TRANSIT>DEFINITIVA)||
|I250|384||26,87|C|||852975: DESAGIO (TRANSIT>DEFINITIVA)||
|I200|Q0E1O3J0CG|02122022|0,77|N||
|I250|299||0,77|D|||852975: RECEITA 3 (TRANSIT>DEFINITIVA)||
|I250|586||0,77|C|||852975: RECEITA 3 (TRANSIT>DEFINITIVA)||
|I200|Q0E1O3J0CH|02122022|6869,80|N||
|I250|14||6869,80|D|||APLIC Santander>APLICACAO AUTOM||
|I250|7||6869,80|C|||APLIC Santander>APLICACAO AUTOM||
|I200|Q0E1O3J0CI|02122022|7,50|N||
|I250|586||7,50|D|||TARIFA PIX (5x)||
|I250|8||7,50|C|||TARIFA PIX (5x)||
|I200|Q0E1O4J0CJ|02122022|1,80|N||
|I250|586||1,80|D|||TARIFA REG COBRANCA||
|I250|8||1,80|C|||TARIFA REG COBRANCA||
|I200|Q0E1O4J0CK|02122022|6,00|N||
|I250|586||6,00|D|||TARIFA COMAND COBR||
|I250|8||6,00|C|||TARIFA COMAND COBR||
|I200|Q0E1O4J0CN|02122022|724,36|N||
|I250|279||724,36|D|||DM  sem no 03 DE 301122 PARA 301222||
|I250|417||724,36|C|||DM  sem no 03 DE 301122 PARA 301222||
|I200|Q0E1O4J0CO|02122022|51,00|N||
|I250|281||51,00|D|||CORRECAO SALDO DEVEDOR||
|I250|417||51,00|C|||CORRECAO SALDO DEVEDOR||
|I200|Q0E1O4J0CP|02122022|4,90|N||
|I250|278||4,90|D|||DUP No CDVINLAND20||
|I250|586||4,90|C|||DUP No CDVINLAND20||
|I200|Q0E1O4J0CQ|02122022|4,90|N||
|I250|278||4,90|D|||DUP No 048304001||
|I250|586||4,90|C|||DUP No 048304001||
|I200|Q0E1O4J0CR|02122022|4,90|N||
|I250|278||4,90|D|||DUP No 048310001||
|I250|586||4,90|C|||DUP No 048310001||
|I200|Q0E1O4J0CS|02122022|4,90|N||
|I250|278||4,90|D|||DUP No FKPL2110C||
|I250|586||4,90|C|||DUP No FKPL2110C||
|I200|Q0E1O4J0CT|02122022|4,90|N||
|I250|278||4,90|D|||DUP No 049495001||
|I250|586||4,90|C|||DUP No 049495001||
|I200|Q0E1O4J0CU|02122022|4,90|N||
|I250|278||4,90|D|||DUP No 049496001||
|I250|586||4,90|C|||DUP No 049496001||
|I200|Q0E1O4J0CV|02122022|4,90|N||
|I250|278||4,90|D|||DUP No 049498001||
|I250|586||4,90|C|||DUP No 049498001||
|I200|Q0E1O5J0CW|02122022|4,90|N||
|I250|278||4,90|D|||DUP No 049499001||
|I250|586||4,90|C|||DUP No 049499001||
|I200|Q0E1O5J0CX|02122022|4,90|N||
|I250|278||4,90|D|||DUP No 049502001||
|I250|586||4,90|C|||DUP No 049502001||
|I200|Q0E1O5J0CY|02122022|4,73|N||
|I250|280||4,73|D|||CORRECAO SALDO DEVEDOR||
|I250|417||4,73|C|||CORRECAO SALDO DEVEDOR||
|I200|Q0E1O5J0CZ|02122022|2,15|N||
|I250|278||2,15|D|||CORRECAO SALDO DEVEDOR||
|I250|417||2,15|C|||CORRECAO SALDO DEVEDOR||
|I200|Q0E1O5J0D0|02122022|1,35|N||
|I250|271||1,35|D|||CORRECAO SALDO DEVEDOR||
|I250|417||1,35|C|||CORRECAO SALDO DEVEDOR||
|I200|Q0E1O5J0D1|02122022|1,29|N||
|I250|287||1,29|D|||CORRECAO SALDO DEVEDOR||
|I250|417||1,29|C|||CORRECAO SALDO DEVEDOR||
|I200|Q0E1TQJ0B6|02122022|5875,80|N||
|I250|69||5875,80|D|1462||DUPLICATAS BORDERO No206||
|I250|299||3,30|C|1462||DESP BANC BORD No206||
|I250|299||64,36|C|1462||DESP FACTORING BORD No206||
|I250|281||5808,14|C|1462||LAQUA  BORD: 2062022||
|I200|Q0E1TRJ0B7|02122022|28008,88|N||
|I250|69||28008,88|D|1463||CHEQUES BORDERO No207||
|I250|299||30,10|C|1463||DESP BANC BORD No207||
|I250|299||900,75|C|1463||DESP FACTORING BORD No207||
|I250|8||7078,03|C|1463||LIBBORDNo 207 TED||
|I250|281||20000,00|C|1463||LAQUA  BORD: 2072022||
|I200|Q0E1TRJ0B8|02122022|42501,83|N||
|I250|52||42501,83|D|1464||DUPLICATAS BORDERO No15||
|I250|299||5,10|C|1464||DESP BANC BORD No15||
|I250|299||700,79|C|1464||DESP FACTORING BORD No15||
|I250|8||41795,94|C|1464||LIBBORDNo 15 TED||
|I200|Q0E1U1J0B9|02122022|98780,72|N||
|I250|53||98780,72|D|1465||DUPLICATAS BORDERO No35||
|I250|299||33,90|C|1465||DESP BANC BORD No35||
|I250|278||375,78|C|1465||KPL  BORD: 352022||
|I250|417||457,21|C|1465||RCNo:1 :049499001>MORA||
|I250|417||473,07|C|1465||RCNo:1 :049498001>MORA||
|I250|417||474,50|C|1465||RCNo:1 :049502001>MORA||
|I250|417||493,95|C|1465||RCNo:1 :048310001>MORA||
|I250|417||512,55|C|1465||RCNo:1 :049495001>MORA||
|I250|417||520,00|C|1465||RCNo:1 :FKPL2110C>MORA||
|I250|417||537,59|C|1465||RCNo:1 :048304001>MORA||
|I250|417||573,10|C|1465||RCNo:1 :CDVINLAND20>MORA||
|I250|417||653,68|C|1465||RCNo:1 :049496001>MORA||
|I250|278||718,41|C|1465||KPL  BORD: 352022||
|I250|299||2481,28|C|1465||DESP FACTORING BORD No35||
|I250|53||6675,00|C|1465||RCNo:1 :DP 048310001>VALRESID||
|I250|53||7218,96|C|1465||RCNo:1 :DP 049495001>VALRESID||
|I250|53||7264,68|C|1465||RCNo:1 :DP 048304001>VALRESID||
|I250|53||8626,65|C|1465||RCNo:1 :DP 049499001>VALRESID||
|I250|53||8833,52|C|1465||RCNo:1 :DP 049496001>VALRESID||
|I250|53||8925,90|C|1465||RCNo:1 :DP 049498001>VALRESID||
|I250|53||8952,90|C|1465||RCNo:1 :DP 049502001>VALRESID||
|I250|53||13978,09|C|1465||RCNo:1 :DP CDVINLAND20>VALRESID||
|I250|53||20000,00|C|1465||RCNo:1 :DP FKPL2110C>VALRESID||
|I200|Q0E1U3J0BA|02122022|725,00|N||
|I250|8||725,00|D|1466||REPOSICAO CEDENTE>FACTORING||
|I250|279||725,00|C|1466||juros de prorrogacao||
|I200|Q0E1O5J0D4|05122022|27,99|N||
|I250|299||27,99|D|1467||29162: DESAGIO (TRANSIT>DEFINITIVA)||
|I250|384||27,99|C|1467||29162: DESAGIO (TRANSIT>DEFINITIVA)||
|I200|Q0E1O5J0D5|05122022|1,59|N||
|I250|299||1,59|D|1467||29162: RECEITA 3 (TRANSIT>DEFINITIVA)||
|I250|586||1,59|C|1467||29162: RECEITA 3 (TRANSIT>DEFINITIVA)||
|I200|Q0E1O5J0D7|05122022|56,45|N||
|I250|299||56,45|D|1467||293831: DESAGIO (TRANSIT>DEFINITIVA)||
|I250|384||56,45|C|1467||293831: DESAGIO (TRANSIT>DEFINITIVA)||
|I200|Q0E1O5J0D8|05122022|2,30|N||
|I250|299||2,30|D|1467||293831: RECEITA 3 (TRANSIT>DEFINITIVA)||
|I250|586||2,30|C|1467||293831: RECEITA 3 (TRANSIT>DEFINITIVA)||
|I200|Q0E1O5J0DA|05122022|1444,00|N||
|I250|299||1444,00|D|1467||APTO205WDAM14: DESAGIO (TRANSIT>DEFINIT||
|I250|384||1444,00|C|1467||APTO205WDAM14: DESAGIO (TRANSIT>DEFINIT||
|I200|Q0E1O6J0DB|05122022|1,84|N||
|I250|299||1,84|D|1467||APTO205WDAM14: RECEITA 3 (TRANSIT>DEFIN||
|I250|586||1,84|C|1467||APTO205WDAM14: RECEITA 3 (TRANSIT>DEFIN||
|I200|Q0E1O6J0DE|05122022|14600,00|N||
|I250|8||14600,00|D|||DEPOSITO  000706||
|I250|69||14600,00|C|||DEPOSITO  000706||
|I200|Q0E1O6J0DF|05122022|680,12|N||
|I250|299||680,12|D|||000706: DESAGIO (TRANSIT>DEFINITIVA)||
|I250|384||680,12|C|||000706: DESAGIO (TRANSIT>DEFINITIVA)||
|I200|Q0E1O6J0DG|05122022|7,44|N||
|I250|299||7,44|D|||000706: RECEITA 3 (TRANSIT>DEFINITIVA)||
|I250|586||7,44|C|||000706: RECEITA 3 (TRANSIT>DEFINITIVA)||
|I200|Q0E1O6J0DH|05122022|4230,00|N||
|I250|8||4230,00|D|||DEPOSITO  004278||
|I250|69||4230,00|C|||DEPOSITO  004278||
|I200|Q0E1O6J0DI|05122022|197,05|N||
|I250|299||197,05|D|||004278: DESAGIO (TRANSIT>DEFINITIVA)||
|I250|384||197,05|C|||004278: DESAGIO (TRANSIT>DEFINITIVA)||
|I200|Q0E1O6J0DJ|05122022|2,16|N||
|I250|299||2,16|D|||004278: RECEITA 3 (TRANSIT>DEFINITIVA)||
|I250|586||2,16|C|||004278: RECEITA 3 (TRANSIT>DEFINITIVA)||
|I200|Q0E1O6J0DK|05122022|5019,00|N||
|I250|8||5019,00|D|||DEPOSITO  000405||
|I250|69||5019,00|C|||DEPOSITO  000405||
|I200|Q0E1O6J0DL|05122022|190,30|N||
|I250|299||190,30|D|||000405: DESAGIO (TRANSIT>DEFINITIVA)||
|I250|384||190,30|C|||000405: DESAGIO (TRANSIT>DEFINITIVA)||
|I200|Q0E1O6J0DM|05122022|4,27|N||
|I250|299||4,27|D|||000405: RECEITA 3 (TRANSIT>DEFINITIVA)||
|I250|586||4,27|C|||000405: RECEITA 3 (TRANSIT>DEFINITIVA)||
|I200|Q0E1O6J0DN|05122022|2211,50|N||
|I250|8||2211,50|D|||DEPOSITO  851419||
|I250|69||2211,50|C|||DEPOSITO  851419||
|I200|Q0E1O7J0DO|05122022|76,67|N||
|I250|299||76,67|D|||851419: DESAGIO (TRANSIT>DEFINITIVA)||
|I250|384||76,67|C|||851419: DESAGIO (TRANSIT>DEFINITIVA)||
|I200|Q0E1O7J0DP|05122022|2,13|N||
|I250|299||2,13|D|||851419: RECEITA 3 (TRANSIT>DEFINITIVA)||
|I250|586||2,13|C|||851419: RECEITA 3 (TRANSIT>DEFINITIVA)||
|I200|Q0E1O7J0DQ|05122022|1098,75|N||
|I250|8||1098,75|D|||DEPOSITO  001346||
|I250|69||1098,75|C|||DEPOSITO  001346||
|I200|Q0E1O7J0DR|05122022|38,09|N||
|I250|299||38,09|D|||001346: DESAGIO (TRANSIT>DEFINITIVA)||
|I250|384||38,09|C|||001346: DESAGIO (TRANSIT>DEFINITIVA)||
|I200|Q0E1O7J0DS|05122022|1,06|N||
|I250|299||1,06|D|||001346: RECEITA 3 (TRANSIT>DEFINITIVA)||
|I250|586||1,06|C|||001346: RECEITA 3 (TRANSIT>DEFINITIVA)||
|I200|Q0E1O7J0DT|05122022|151250,91|N||
|I250|16||151250,91|D|||APLICACAO CDB  AGI Bank||
|I250|12||151250,91|C|||APLICACAO CDB  AGI Bank||
|I200|Q0E1O7J0DU|05122022|43,20|N||
|I250|586||43,20|D|||TARIFA REG COBRANCA (x24)||
|I250|8||43,20|C|||TARIFA REG COBRANCA (x24)||
|I200|Q0E1O7J0DV|05122022|6,00|N||
|I250|586||6,00|D|||TARIFA COMAND COBR||
|I250|8||6,00|C|||TARIFA COMAND COBR||
|I200|Q0E1O7J0DW|05122022|42,00|N||
|I250|586||42,00|D|||TARIFA COMAND COBR (x7)||
|I250|8||42,00|C|||TARIFA COMAND COBR (x7)||
|I200|Q0E1O7J0DX|05122022|800,00|N||
|I250|123||800,00|D|||SERV CONTABILIDADE  Arche Participacoes||
|I250|8||800,00|C|||SERV CONTABILIDADE  Arche Participacoes||
|I200|Q0E1O7J0DY|05122022|1600,00|N||
|I250|201||1600,00|D|||SERV CONTABILIDADE||
|I250|8||1600,00|C|||SERV CONTABILIDADE||
|I200|Q0E1O7J0DZ|05122022|4,50|N||
|I250|586||4,50|D|||TARIFA PIX (3x)||
|I250|8||4,50|C|||TARIFA PIX (3x)||
|I200|Q0E1O7J0E0|05122022|8757,14|N||
|I250|281||8757,14|D|||diferenca do valor pago a menor (saldo p||
|I250|8||8757,14|C|||diferenca do valor pago a menor (saldo p||
|I200|Q0E1O8J0E1|05122022|14,23|N||
|I250|280||14,23|D|||CORRECAO SALDO DEVEDOR||
|I250|417||14,23|C|||CORRECAO SALDO DEVEDOR||
|I200|Q0E1O8J0E2|05122022|4,07|N||
|I250|271||4,07|D|||CORRECAO SALDO DEVEDOR||
|I250|417||4,07|C|||CORRECAO SALDO DEVEDOR||
|I200|Q0E1O8J0E3|05122022|3,88|N||
|I250|287||3,88|D|||CORRECAO SALDO DEVEDOR||
|I250|417||3,88|C|||CORRECAO SALDO DEVEDOR||
|I200|Q0E1O8J0E4|05122022|0,04|N||
|I250|281||0,04|D|||(CNAB) DIFERENCA DE MORA 29162||
|I250|417||0,04|C|||(CNAB) DIFERENCA DE MORA 29162||
|I200|Q0E1U5J0BB|05122022|11078,02|N||
|I250|684||7078,02|D|1467||*TP:05122022CNABBRADESCO 2805||
|I250|684||4000,00|D|1467||*TP:05122022CNABBradesco||
|I250|417||197,80|C|1467||CNAB DUP   (MORA)||
|I250|69||3191,00|C|1467||CNAB DUP  (RESIDUAL)||
|I250|69||3689,22|C|1467||CNAB DUP  (RESIDUAL)||
|I250|62||4000,00|C|1467||CNAB DUP  (RESIDUAL)||
|I200|Q0E1O8J0EA|06122022|4000,00|N||
|I250|9||4000,00|D|1467||*TF:05122022CNABBradesco||
|I250|684||4000,00|C|1467||*TF:05122022CNABBradesco||
|I200|Q0E1O8J0EB|06122022|7078,02|N||
|I250|8||7078,02|D|1467||*TF:05122022CNABBRADESCO 2805||
|I250|684||7078,02|C|1467||*TF:05122022CNABBRADESCO 2805||
|I200|Q0E1O8J0ED|06122022|44,19|N||
|I250|299||44,19|D|1469||292051: DESAGIO (TRANSIT>DEFINITIVA)||
|I250|384||44,19|C|1469||292051: DESAGIO (TRANSIT>DEFINITIVA)||
|I200|Q0E1O8J0EE|06122022|2,00|N||
|I250|299||2,00|D|1469||292051: RECEITA 3 (TRANSIT>DEFINITIVA)||
|I250|586||2,00|C|1469||292051: RECEITA 3 (TRANSIT>DEFINITIVA)||
|I200|Q0E1O9J0EI|06122022|110,65|N||
|I250|299||110,65|D|1470||PAPOULAS290603: DESAGIO (TRANSIT>DEFINI||
|I250|384||110,65|C|1470||PAPOULAS290603: DESAGIO (TRANSIT>DEFINI||
|I200|Q0E1O9J0EJ|06122022|1,66|N||
|I250|299||1,66|D|1470||PAPOULAS290603: RECEITA 3 (TRANSIT>DEFI||
|I250|586||1,66|C|1470||PAPOULAS290603: RECEITA 3 (TRANSIT>DEFI||
|I200|Q0E1O9J0EM|06122022|137,53|N||
|I250|299||137,53|D|1471||PAPOULAS290604: DESAGIO (TRANSIT>DEFINI||
|I250|384||137,53|C|1471||PAPOULAS290604: DESAGIO (TRANSIT>DEFINI||
|I200|Q0E1O9J0EN|06122022|1,66|N||
|I250|299||1,66|D|1471||PAPOULAS290604: RECEITA 3 (TRANSIT>DEFI||
|I250|586||1,66|C|1471||PAPOULAS290604: RECEITA 3 (TRANSIT>DEFI||
|I200|Q0E1O9J0EO|06122022|10020,00|N||
|I250|8||10020,00|D|||DEPOSITO  000481||
|I250|69||10020,00|C|||DEPOSITO  000481||
|I200|Q0E1O9J0EP|06122022|196,68|N||
|I250|299||196,68|D|||000481: DESAGIO (TRANSIT>DEFINITIVA)||
|I250|384||196,68|C|||000481: DESAGIO (TRANSIT>DEFINITIVA)||
|I200|Q0E1O9J0EQ|06122022|5,00|N||
|I250|299||5,00|D|||000481: RECEITA 3 (TRANSIT>DEFINITIVA)||
|I250|586||5,00|C|||000481: RECEITA 3 (TRANSIT>DEFINITIVA)||
|I200|Q0E1O9J0ER|06122022|6340,18|N||
|I250|8||6340,18|D|||DEPOSITO  000407||
|I250|69||6340,18|C|||DEPOSITO  000407||
|I200|Q0E1O9J0ES|06122022|124,45|N||
|I250|299||124,45|D|||000407: DESAGIO (TRANSIT>DEFINITIVA)||
|I250|384||124,45|C|||000407: DESAGIO (TRANSIT>DEFINITIVA)||
|I200|Q0E1O9J0ET|06122022|3,16|N||
|I250|299||3,16|D|||000407: RECEITA 3 (TRANSIT>DEFINITIVA)||
|I250|586||3,16|C|||000407: RECEITA 3 (TRANSIT>DEFINITIVA)||
|I200|Q0E1O9J0EU|06122022|3637,60|N||
|I250|8||3637,60|D|||DEPOSITO  000220||
|I250|69||3637,60|C|||DEPOSITO  000220||
|I200|Q0E1O9J0EV|06122022|59,60|N||
|I250|299||59,60|D|||000220: DESAGIO (TRANSIT>DEFINITIVA)||
|I250|384||59,60|C|||000220: DESAGIO (TRANSIT>DEFINITIVA)||
|I200|Q0E1OAJ0EW|06122022|3,10|N||
|I250|299||3,10|D|||000220: RECEITA 3 (TRANSIT>DEFINITIVA)||
|I250|586||3,10|C|||000220: RECEITA 3 (TRANSIT>DEFINITIVA)||
|I200|Q0E1OAJ0EX|06122022|3,00|N||
|I250|586||3,00|D|||TARIFA PIX (X2)||
|I250|8||3,00|C|||TARIFA PIX (X2)||
|I200|Q0E1OAJ0F3|06122022|1760,00|N||
|I250|299||1760,00|D|1473||177: DESAGIO (TRANSIT>DEFINITIVA)||
|I250|384||1760,00|C|1473||177: DESAGIO (TRANSIT>DEFINITIVA)||
|I200|Q0E1OAJ0F4|06122022|1,50|N||
|I250|299||1,50|D|1473||177: RECEITA 3 (TRANSIT>DEFINITIVA)||
|I250|586||1,50|C|1473||177: RECEITA 3 (TRANSIT>DEFINITIVA)||
|I200|Q0E1OAJ0F5|06122022|4,79|N||
|I250|280||4,79|D|||CORRECAO SALDO DEVEDOR||
|I250|417||4,79|C|||CORRECAO SALDO DEVEDOR||
|I200|Q0E1OAJ0F6|06122022|1,37|N||
|I250|271||1,37|D|||CORRECAO SALDO DEVEDOR||
|I250|417||1,37|C|||CORRECAO SALDO DEVEDOR||
|I200|Q0E1OAJ0F7|06122022|1,30|N||
|I250|287||1,30|D|||CORRECAO SALDO DEVEDOR||
|I250|417||1,30|C|||CORRECAO SALDO DEVEDOR||
|I200|Q0E1U5J0BC|06122022|25356,72|N||
|I250|69||14603,70|D|1468||DUPLICATAS BORDERO No208||
|I250|69||10753,02|D|1468||CHEQUES BORDERO No208||
|I250|299||21,20|C|1468||DESP BANC BORD No208||
|I250|299||774,95|C|1468||DESP FACTORING BORD No208||
|I250|8||24560,57|C|1468||LIBBORDNo 208 TED||
|I200|Q0E1U6J0BD|06122022|1932,75|N||
|I250|684||1932,75|D|1469||*TP:06122022CNABBRADESCO 2805||
|I250|69||1932,75|C|1469||CNAB DUP  (RESIDUAL)||
|I200|Q0E1U6J0BE|06122022|827,26|N||
|I250|8||827,26|D|1470||QUIT  PAPOULAS290603 (BANCO)||
|I250|62||827,26|C|1470||QUIT DUP PAPOULAS290603 (RESIDUAL)||
|I200|Q0E1U6J0BF|06122022|827,26|N||
|I250|8||827,26|D|1471||QUIT  PAPOULAS290604 (BANCO)||
|I250|62||827,26|C|1471||QUIT DUP PAPOULAS290604 (RESIDUAL)||
|I200|Q0E1UBJ0BG|06122022|4000,00|N||
|I250|8||4000,00|D|1472||TRANSF Bradesco>BRADESCO 2805||
|I250|9||4000,00|C|1472||TRANSF Bradesco>BRADESCO 2805||
|I200|Q0E1UEJ0BH|06122022|41520,00|N||
|I250|8||41520,00|D|1473||RCn:1  :CEDENTE>FACTORING||
|I250|417||1520,00|C|1473||RCn:1  :177>MORA||
|I250|61||40000,00|C|1473||RCn:1  :DP  177>RES||
|I200|Q0E1OBJ0FI|07122022|256,00|N||
|I250|299||256,00|D|1475||191: DESAGIO (TRANSIT>DEFINITIVA)||
|I250|384||256,00|C|1475||191: DESAGIO (TRANSIT>DEFINITIVA)||
|I200|Q0E1OBJ0FJ|07122022|1932,75|N||
|I250|8||1932,75|D|1469||*TF:06122022CNABBRADESCO 2805||
|I250|684||1932,75|C|1469||*TF:06122022CNABBRADESCO 2805||
|I200|Q0E1OBJ0FL|07122022|147,68|N||
|I250|299||147,68|D|1476||052344001: DESAGIO (TRANSIT>DEFINITIVA||
|I250|384||147,68|C|1476||052344001: DESAGIO (TRANSIT>DEFINITIVA||
|I200|Q0E1OBJ0FM|07122022|1,99|N||
|I250|299||1,99|D|1476||052344001: RECEITA 3 (TRANSIT>DEFINITI||
|I250|586||1,99|C|1476||052344001: RECEITA 3 (TRANSIT>DEFINITI||
|I200|Q0E1OBJ0FO|07122022|48,42|N||
|I250|299||48,42|D|1476||294951: DESAGIO (TRANSIT>DEFINITIVA)||
|I250|384||48,42|C|1476||294951: DESAGIO (TRANSIT>DEFINITIVA)||
|I200|Q0E1OBJ0FP|07122022|1,85|N||
|I250|299||1,85|D|1476||294951: RECEITA 3 (TRANSIT>DEFINITIVA)||
|I250|586||1,85|C|1476||294951: RECEITA 3 (TRANSIT>DEFINITIVA)||
|I200|Q0E1OBJ0FR|07122022|2280,00|N||
|I250|8||2280,00|D|||DEPOSITO  000244||
|I250|69||2280,00|C|||DEPOSITO  000244||
|I200|Q0E1OBJ0FS|07122022|91,39|N||
|I250|299||91,39|D|||000244: DESAGIO (TRANSIT>DEFINITIVA)||
|I250|384||91,39|C|||000244: DESAGIO (TRANSIT>DEFINITIVA)||
|I200|Q0E1OCJ0FT|07122022|1,94|N||
|I250|299||1,94|D|||000244: RECEITA 3 (TRANSIT>DEFINITIVA)||
|I250|586||1,94|C|||000244: RECEITA 3 (TRANSIT>DEFINITIVA)||
|I200|Q0E1OCJ0FU|07122022|1351,66|N||
|I250|8||1351,66|D|||DEPOSITO  000521||
|I250|69||1351,66|C|||DEPOSITO  000521||
|I200|Q0E1OCJ0FV|07122022|45,39|N||
|I250|299||45,39|D|||000521: DESAGIO (TRANSIT>DEFINITIVA)||
|I250|384||45,39|C|||000521: DESAGIO (TRANSIT>DEFINITIVA)||
|I200|Q0E1OCJ0FW|07122022|1,20|N||
|I250|299||1,20|D|||000521: RECEITA 3 (TRANSIT>DEFINITIVA)||
|I250|586||1,20|C|||000521: RECEITA 3 (TRANSIT>DEFINITIVA)||
|I200|Q0E1OCJ0FX|07122022|7369,00|N||
|I250|8||7369,00|D|||DEPOSITO  000289||
|I250|69||7369,00|C|||DEPOSITO  000289||
|I200|Q0E1OCJ0FY|07122022|247,48|N||
|I250|299||247,48|D|||000289: DESAGIO (TRANSIT>DEFINITIVA)||
|I250|384||247,48|C|||000289: DESAGIO (TRANSIT>DEFINITIVA)||
|I200|Q0E1OCJ0FZ|07122022|6,56|N||
|I250|299||6,56|D|||000289: RECEITA 3 (TRANSIT>DEFINITIVA)||
|I250|586||6,56|C|||000289: RECEITA 3 (TRANSIT>DEFINITIVA)||
|I200|Q0E1OCJ0G0|07122022|2115,92|N||
|I250|8||2115,92|D|||DEPOSITO  000901||
|I250|69||2115,92|C|||DEPOSITO  000901||
|I200|Q0E1OCJ0G1|07122022|71,06|N||
|I250|299||71,06|D|||000901: DESAGIO (TRANSIT>DEFINITIVA)||
|I250|384||71,06|C|||000901: DESAGIO (TRANSIT>DEFINITIVA)||
|I200|Q0E1OCJ0G2|07122022|1,88|N||
|I250|299||1,88|D|||000901: RECEITA 3 (TRANSIT>DEFINITIVA)||
|I250|586||1,88|C|||000901: RECEITA 3 (TRANSIT>DEFINITIVA)||
|I200|Q0E1OCJ0G3|07122022|9,00|N||
|I250|586||9,00|D|||TARIFA REG COBRANCA (x5)||
|I250|8||9,00|C|||TARIFA REG COBRANCA (x5)||
|I200|Q0E1ODJ0G4|07122022|1,50|N||
|I250|586||1,50|D|||TARIFA PIX||
|I250|8||1,50|C|||TARIFA PIX||
|I200|Q0E1ODJ0G5|07122022|375,50|N||
|I250|570||375,50|D|||Reembolso Despesa Paulo||
|I250|8||375,50|C|||Reembolso Despesa Paulo||
|I200|Q0E1ODJ0G8|07122022|596,40|N||
|I250|299||596,40|D|1477||FC081222: DESAGIO (TRANSIT>DEFINITIVA)||
|I250|384||596,40|C|1477||FC081222: DESAGIO (TRANSIT>DEFINITIVA)||
|I200|Q0E1ODJ0G9|07122022|0,75|N||
|I250|299||0,75|D|1477||FC081222: RECEITA 3 (TRANSIT>DEFINITIVA||
|I250|586||0,75|C|1477||FC081222: RECEITA 3 (TRANSIT>DEFINITIVA||
|I200|Q0E1ODJ0GA|07122022|4,80|N||
|I250|280||4,80|D|||CORRECAO SALDO DEVEDOR||
|I250|417||4,80|C|||CORRECAO SALDO DEVEDOR||
|I200|Q0E1ODJ0GB|07122022|1,37|N||
|I250|271||1,37|D|||CORRECAO SALDO DEVEDOR||
|I250|417||1,37|C|||CORRECAO SALDO DEVEDOR||
|I200|Q0E1ODJ0GC|07122022|1,31|N||
|I250|287||1,31|D|||CORRECAO SALDO DEVEDOR||
|I250|417||1,31|C|||CORRECAO SALDO DEVEDOR||
|I200|Q0E1UEJ0BI|07122022|30579,52|N||
|I250|69||30579,52|D|1474||CHEQUES BORDERO No209||
|I250|299||24,90|C|1474||DESP BANC BORD No209||
|I250|299||1211,91|C|1474||DESP FACTORING BORD No209||
|I250|8||29342,71|C|1474||LIBBORDNo 209 TED||
|I200|Q0E1UHJ0BJ|07122022|40000,00|N||
|I250|61||40000,00|D|1475||DUPLICATAS BORDERO No30||
|I250|299||1,50|C|1475||DESP BANC BORD No30||
|I250|299||1760,00|C|1475||DESP FACTORING BORD No30||
|I250|61||6000,00|C|1475||RCNo:2 :DP 191>VALRESID||
|I250|8||12238,50|C|1475||LIBBORDNo 30 TED||
|I250|286||20000,00|C|1475||RB  BORD: 302022||
|I200|Q0E1UHJ0BK|07122022|9640,70|N||
|I250|684||9640,70|D|1476||*TP:07122022CNABBRADESCO 2805||
|I250|69||2955,00|C|1476||CNAB DUP  (RESIDUAL)||
|I250|53||6685,70|C|1476||CNAB DUP  (RESIDUAL)||
|I200|Q0E1UNJ0BL|07122022|3550,00|N||
|I250|8||3550,00|D|1477||RCn:1  :CEDENTE>FACTORING||
|I250|47||3550,00|C|1477||RCn:1  :DP  FC081222>RES||
|I200|Q0E1UUJ0BM|07122022|12389,49|N||
|I250|321||12389,49|D|1478||RESGATE: (VALOR) PAULO MARC  PRE||
|I250|686||309,27|C|1478||RESGATE: (IRRF) PAULO MARC  PRE||
|I250|8||12080,22|C|1478||RES: (LIQUIDO) PAULO MARC  PRE||
|I200|Q0E1OEJ0GT|08122022|9640,70|N||
|I250|8||9640,70|D|1476||*TF:07122022CNABBRADESCO 2805||
|I250|684||9640,70|C|1476||*TF:07122022CNABBRADESCO 2805||
|I200|Q0E1OEJ0GV|08122022|279,19|N||
|I250|299||279,19|D|1482||288222: DESAGIO (TRANSIT>DEFINITIVA)||
|I250|384||279,19|C|1482||288222: DESAGIO (TRANSIT>DEFINITIVA)||
|I200|Q0E1OEJ0GW|08122022|3,93|N||
|I250|299||3,93|D|1482||288222: RECEITA 3 (TRANSIT>DEFINITIVA)||
|I250|586||3,93|C|1482||288222: RECEITA 3 (TRANSIT>DEFINITIVA)||
|I200|Q0E1OEJ0GY|08122022|7,02|N||
|I250|299||7,02|D|1482||29885: DESAGIO (TRANSIT>DEFINITIVA)||
|I250|384||7,02|C|1482||29885: DESAGIO (TRANSIT>DEFINITIVA)||
|I200|Q0E1OEJ0GZ|08122022|0,67|N||
|I250|299||0,67|D|1482||29885: RECEITA 3 (TRANSIT>DEFINITIVA)||
|I250|586||0,67|C|1482||29885: RECEITA 3 (TRANSIT>DEFINITIVA)||
|I200|Q0E1OEJ0H1|08122022|6,24|N||
|I250|299||6,24|D|1482||29887: DESAGIO (TRANSIT>DEFINITIVA)||
|I250|384||6,24|C|1482||29887: DESAGIO (TRANSIT>DEFINITIVA)||
|I200|Q0E1OFJ0H2|08122022|0,59|N||
|I250|299||0,59|D|1482||29887: RECEITA 3 (TRANSIT>DEFINITIVA)||
|I250|586||0,59|C|1482||29887: RECEITA 3 (TRANSIT>DEFINITIVA)||
|I200|Q0E1OFJ0H4|08122022|2500,74|N||
|I250|8||2500,74|D|||DEPOSITO  850822||
|I250|69||2500,74|C|||DEPOSITO  850822||
|I200|Q0E1OFJ0H5|08122022|97,53|N||
|I250|299||97,53|D|||850822: DESAGIO (TRANSIT>DEFINITIVA)||
|I250|384||97,53|C|||850822: DESAGIO (TRANSIT>DEFINITIVA)||
|I200|Q0E1OFJ0H6|08122022|1,37|N||
|I250|299||1,37|D|||850822: RECEITA 3 (TRANSIT>DEFINITIVA)||
|I250|586||1,37|C|||850822: RECEITA 3 (TRANSIT>DEFINITIVA)||
|I200|Q0E1OFJ0H7|08122022|4050,08|N||
|I250|8||4050,08|D|||DEPOSITO  850284||
|I250|69||4050,08|C|||DEPOSITO  850284||
|I200|Q0E1OFJ0H8|08122022|153,57|N||
|I250|299||153,57|D|||850284: DESAGIO (TRANSIT>DEFINITIVA)||
|I250|384||153,57|C|||850284: DESAGIO (TRANSIT>DEFINITIVA)||
|I200|Q0E1OFJ0H9|08122022|3,89|N||
|I250|299||3,89|D|||850284: RECEITA 3 (TRANSIT>DEFINITIVA)||
|I250|586||3,89|C|||850284: RECEITA 3 (TRANSIT>DEFINITIVA)||
|I200|Q0E1OFJ0HA|08122022|1950,78|N||
|I250|8||1950,78|D|||DEPOSITO  002489||
|I250|69||1950,78|C|||DEPOSITO  002489||
|I200|Q0E1OFJ0HB|08122022|67,63|N||
|I250|299||67,63|D|||002489: DESAGIO (TRANSIT>DEFINITIVA)||
|I250|384||67,63|C|||002489: DESAGIO (TRANSIT>DEFINITIVA)||
|I200|Q0E1OFJ0HC|08122022|1,74|N||
|I250|299||1,74|D|||002489: RECEITA 3 (TRANSIT>DEFINITIVA)||
|I250|586||1,74|C|||002489: RECEITA 3 (TRANSIT>DEFINITIVA)||
|I200|Q0E1OFJ0HD|08122022|555,00|N||
|I250|8||555,00|D|||DEPOSITO  000522||
|I250|69||555,00|C|||DEPOSITO  000522||
|I200|Q0E1OGJ0HE|08122022|19,24|N||
|I250|299||19,24|D|||000522: DESAGIO (TRANSIT>DEFINITIVA)||
|I250|384||19,24|C|||000522: DESAGIO (TRANSIT>DEFINITIVA)||
|I200|Q0E1OGJ0HF|08122022|0,49|N||
|I250|299||0,49|D|||000522: RECEITA 3 (TRANSIT>DEFINITIVA)||
|I250|586||0,49|C|||000522: RECEITA 3 (TRANSIT>DEFINITIVA)||
|I200|Q0E1OGJ0HG|08122022|2829,00|N||
|I250|8||2829,00|D|||DEPOSITO  000941||
|I250|69||2829,00|C|||DEPOSITO  000941||
|I200|Q0E1OGJ0HH|08122022|76,83|N||
|I250|299||76,83|D|||000941: DESAGIO (TRANSIT>DEFINITIVA)||
|I250|384||76,83|C|||000941: DESAGIO (TRANSIT>DEFINITIVA)||
|I200|Q0E1OGJ0HI|08122022|1,41|N||
|I250|299||1,41|D|||000941: RECEITA 3 (TRANSIT>DEFINITIVA)||
|I250|586||1,41|C|||000941: RECEITA 3 (TRANSIT>DEFINITIVA)||
|I200|Q0E1OGJ0HJ|08122022|1,50|N||
|I250|586||1,50|D|||TARIFA PIX||
|I250|8||1,50|C|||TARIFA PIX||
|I200|Q0E1OGJ0HK|08122022|10000,00|N||
|I250|286||10000,00|D|||diferenca do valor pago a menor (saldo p||
|I250|8||10000,00|C|||diferenca do valor pago a menor (saldo p||
|I200|Q0E1OGJ0HL|08122022|4,82|N||
|I250|280||4,82|D|||CORRECAO SALDO DEVEDOR||
|I250|417||4,82|C|||CORRECAO SALDO DEVEDOR||
|I200|Q0E1OGJ0HM|08122022|1,38|N||
|I250|271||1,38|D|||CORRECAO SALDO DEVEDOR||
|I250|417||1,38|C|||CORRECAO SALDO DEVEDOR||
|I200|Q0E1OGJ0HN|08122022|1,31|N||
|I250|287||1,31|D|||CORRECAO SALDO DEVEDOR||
|I250|417||1,31|C|||CORRECAO SALDO DEVEDOR||
|I200|Q0E1UVJ0BN|08122022|8480,05|N||
|I250|69||8480,05|D|1479||CHEQUES BORDERO No211||
|I250|299||11,90|C|1479||DESP BANC BORD No211||
|I250|299||304,50|C|1479||DESP FACTORING BORD No211||
|I250|8||8163,65|C|1479||LIBBORDNo 211 TED||
|I200|Q0E1UVJ0BO|08122022|10712,50|N||
|I250|69||10712,50|D|1480||DUPLICATAS BORDERO No210||
|I250|281||0,04|C|1480||LAQUA  BORD: 2102022||
|I250|299||5,10|C|1480||DESP BANC BORD No210||
|I250|299||348,79|C|1480||DESP FACTORING BORD No210||
|I250|8||10358,57|C|1480||LIBBORDNo 210 TED||
|I200|Q0E1UWJ0BP|08122022|11100,00|N||
|I250|47||11100,00|D|1481||DUPLICATAS BORDERO No11||
|I250|299||1,50|C|1481||DESP BANC BORD No11||
|I250|299||1114,93|C|1481||DESP FACTORING BORD No11||
|I250|8||9983,57|C|1481||LIBBORDNo 11 TED||
|I200|Q0E1UWJ0BQ|08122022|8669,58|N||
|I250|684||8669,58|D|1482||*TP:08122022CNABBRADESCO 2805||
|I250|69||710,88|C|1482||CNAB DUP  (RESIDUAL)||
|I250|69||800,00|C|1482||CNAB DUP  (RESIDUAL)||
|I250|69||7158,70|C|1482||CNAB DUP  (RESIDUAL)||
|I200|Q0E1OHJ0HX|09122022|8669,58|N||
|I250|8||8669,58|D|1482||*TF:08122022CNABBRADESCO 2805||
|I250|684||8669,58|C|1482||*TF:08122022CNABBRADESCO 2805||
|I200|Q0E1OHJ0HZ|09122022|1473,71|N||
|I250|299||1473,71|D|1485||258: DESAGIO (TRANSIT>DEFINITIVA)||
|I250|384||1473,71|C|1485||258: DESAGIO (TRANSIT>DEFINITIVA)||
|I200|Q0E1OHJ0I0|09122022|4,14|N||
|I250|299||4,14|D|1485||258: RECEITA 3 (TRANSIT>DEFINITIVA)||
|I250|586||4,14|C|1485||258: RECEITA 3 (TRANSIT>DEFINITIVA)||
|I200|Q0E1OHJ0I2|09122022|34,34|N||
|I250|299||34,34|D|1485||291131: DESAGIO (TRANSIT>DEFINITIVA)||
|I250|384||34,34|C|1485||291131: DESAGIO (TRANSIT>DEFINITIVA)||
|I200|Q0E1OHJ0I3|09122022|1,69|N||
|I250|299||1,69|D|1485||291131: RECEITA 3 (TRANSIT>DEFINITIVA)||
|I250|586||1,69|C|1485||291131: RECEITA 3 (TRANSIT>DEFINITIVA)||
|I200|Q0E1OHJ0I5|09122022|64,36|N||
|I250|299||64,36|D|1485||297911: DESAGIO (TRANSIT>DEFINITIVA)||
|I250|384||64,36|C|1485||297911: DESAGIO (TRANSIT>DEFINITIVA)||
|I200|Q0E1OHJ0I6|09122022|3,30|N||
|I250|299||3,30|D|1485||297911: RECEITA 3 (TRANSIT>DEFINITIVA)||
|I250|586||3,30|C|1485||297911: RECEITA 3 (TRANSIT>DEFINITIVA)||
|I200|Q0E1OIJ0IA|09122022|144,84|N||
|I250|299||144,84|D|1486||APTO1103RSC18: DESAGIO (TRANSIT>DEFINIT||
|I250|384||144,84|C|1486||APTO1103RSC18: DESAGIO (TRANSIT>DEFINIT||
|I200|Q0E1OIJ0IB|09122022|0,05|N||
|I250|299||0,05|D|1486||APTO1103RSC18: RECEITA 3 (TRANSIT>DEFIN||
|I250|586||0,05|C|1486||APTO1103RSC18: RECEITA 3 (TRANSIT>DEFIN||
|I200|Q0E1OIJ0IE|09122022|78,74|N||
|I250|299||78,74|D|1487||APTO1101CMC18: DESAGIO (TRANSIT>DEFINIT||
|I250|384||78,74|C|1487||APTO1101CMC18: DESAGIO (TRANSIT>DEFINIT||
|I200|Q0E1OIJ0IF|09122022|0,03|N||
|I250|299||0,03|D|1487||APTO1101CMC18: RECEITA 3 (TRANSIT>DEFIN||
|I250|586||0,03|C|1487||APTO1101CMC18: RECEITA 3 (TRANSIT>DEFIN||
|I200|Q0E1OIJ0II|09122022|60,41|N||
|I250|299||60,41|D|1488||APTO808KMR18: DESAGIO (TRANSIT>DEFINITI||
|I250|384||60,41|C|1488||APTO808KMR18: DESAGIO (TRANSIT>DEFINITI||
|I200|Q0E1OIJ0IJ|09122022|0,02|N||
|I250|299||0,02|D|1488||APTO808KMR18: RECEITA 3 (TRANSIT>DEFINI||
|I250|586||0,02|C|1488||APTO808KMR18: RECEITA 3 (TRANSIT>DEFINI||
|I200|Q0E1OJJ0IM|09122022|162,18|N||
|I250|299||162,18|D|1489||APTO406RSN18: DESAGIO (TRANSIT>DEFINITI||
|I250|384||162,18|C|1489||APTO406RSN18: DESAGIO (TRANSIT>DEFINITI||
|I200|Q0E1OJJ0IN|09122022|0,05|N||
|I250|299||0,05|D|1489||APTO406RSN18: RECEITA 3 (TRANSIT>DEFINI||
|I250|586||0,05|C|1489||APTO406RSN18: RECEITA 3 (TRANSIT>DEFINI||
|I200|Q0E1OJJ0IO|09122022|9000,00|N||
|I250|8||9000,00|D|||DEPOSITO  000147||
|I250|69||9000,00|C|||DEPOSITO  000147||
|I200|Q0E1OJJ0IP|09122022|186,37|N||
|I250|299||186,37|D|||000147: DESAGIO (TRANSIT>DEFINITIVA)||
|I250|384||186,37|C|||000147: DESAGIO (TRANSIT>DEFINITIVA)||
|I200|Q0E1OJJ0IQ|09122022|5,64|N||
|I250|299||5,64|D|||000147: RECEITA 3 (TRANSIT>DEFINITIVA)||
|I250|586||5,64|C|||000147: RECEITA 3 (TRANSIT>DEFINITIVA)||
|I200|Q0E1OJJ0IR|09122022|6,00|N||
|I250|586||6,00|D|||TARIFA PIX (x4)||
|I250|8||6,00|C|||TARIFA PIX (x4)||
|I200|Q0E1OJJ0IS|09122022|3,60|N||
|I250|586||3,60|D|||TARIFA REG COBRANCA (2X)||
|I250|8||3,60|C|||TARIFA REG COBRANCA (2X)||
|I200|Q0E1OJJ0IT|09122022|1600,00|N||
|I250|126||1600,00|D|||SERV CONTABILIDADE  Arche Investimentos||
|I250|8||1600,00|C|||SERV CONTABILIDADE  Arche Investimentos||
|I200|Q0E1OJJ0IU|09122022|101,04|N||
|I250|267||101,04|D|||AJUSTE PARA ACERTO CEDENTE CAP||
|I250|8||101,04|C|||AJUSTE PARA ACERTO CEDENTE CAP||
|I200|Q0E1OKJ0IZ|09122022|10000,00|N||
|I250|286||10000,00|D|||diferenca do valor pago a menor (saldo p||
|I250|8||10000,00|C|||diferenca do valor pago a menor (saldo p||
|I200|Q0E1OKJ0J0|09122022|4,83|N||
|I250|280||4,83|D|||CORRECAO SALDO DEVEDOR||
|I250|417||4,83|C|||CORRECAO SALDO DEVEDOR||
|I200|Q0E1OKJ0J1|09122022|1,38|N||
|I250|271||1,38|D|||CORRECAO SALDO DEVEDOR||
|I250|417||1,38|C|||CORRECAO SALDO DEVEDOR||
|I200|Q0E1OKJ0J2|09122022|1,32|N||
|I250|287||1,32|D|||CORRECAO SALDO DEVEDOR||
|I250|417||1,32|C|||CORRECAO SALDO DEVEDOR||
|I200|Q0E1UWJ0BR|09122022|8633,50|N||
|I250|69||8633,50|D|1483||CHEQUES BORDERO No212||
|I250|299||9,30|C|1483||DESP BANC BORD No212||
|I250|299||295,23|C|1483||DESP FACTORING BORD No212||
|I250|8||8328,97|C|1483||LIBBORDNo 212 TED||
|I200|Q0E1UYJ0BS|09122022|60069,25|N||
|I250|52||60069,25|D|1484||DUPLICATAS BORDERO No16||
|I250|299||5,10|C|1484||DESP BANC BORD No16||
|I250|299||1479,54|C|1484||DESP FACTORING BORD No16||
|I250|277||8000,00|C|1484||ICE LOG  BORD: 162022||
|I250|8||50584,61|C|1484||LIBBORDNo 16 TED||
|I200|Q0E1UYJ0BT|09122022|66730,55|N||
|I250|684||66730,55|D|1485||*TP:09122022CNABBRADESCO 2805||
|I250|69||1022,50|C|1485||CNAB DUP  (RESIDUAL)||
|I250|69||5875,80|C|1485||CNAB DUP  (RESIDUAL)||
|I250|52||59832,25|C|1485||CNAB DUP  (RESIDUAL)||
|I200|Q0E1V0J0BU|09122022|447,39|N||
|I250|8||447,39|D|1486||QUIT  APTO1103RSC18 (BANCO)||
|I250|46||447,39|C|1486||QUIT DUP APTO1103RSC18 (RESIDUAL)||
|I200|Q0E1V0J0BV|09122022|243,20|N||
|I250|8||243,20|D|1487||QUIT  APTO1101CMC18 (BANCO)||
|I250|46||243,20|C|1487||QUIT DUP APTO1101CMC18 (RESIDUAL)||
|I200|Q0E1V0J0BW|09122022|186,58|N||
|I250|8||186,58|D|1488||QUIT  APTO808KMR18 (BANCO)||
|I250|46||186,58|C|1488||QUIT DUP APTO808KMR18 (RESIDUAL)||
|I200|Q0E1V0J0BX|09122022|500,00|N||
|I250|8||500,00|D|1489||QUIT  APTO406RSN18 (BANCO)||
|I250|46||500,00|C|1489||QUIT DUP APTO406RSN18 (RESIDUAL)||
|I200|Q0E1V3J0BY|09122022|7853,00|N||
|I250|8||7853,00|D|1490||TRANSF Santander>BRADESCO 2805||
|I250|7||7853,00|C|1490||TRANSF Santander>BRADESCO 2805||
|I200|Q0E1V3J0BZ|09122022|7853,00|N||
|I250|8||7853,00|D|1491||TRANSF Santander>BRADESCO 2805||
|I250|7||7853,00|C|1491||TRANSF Santander>BRADESCO 2805||
|I200|Q0E1V3J0C0|09122022|12397,71|N||
|I250|321||12397,71|D|1492||RESGATE: (VALOR) PAULO MARC  PRE||
|I250|686||277,74|C|1492||RESGATE: (IRRF) PAULO MARC  PRE||
|I250|8||12119,97|C|1492||RES: (LIQUIDO) PAULO MARC  PRE||
|I200|Q0E1OKJ0JA|12122022|121,68|N||
|I250|299||121,68|D|1493||PAPOULAS290901: DESAGIO (TRANSIT>DEFINI||
|I250|384||121,68|C|1493||PAPOULAS290901: DESAGIO (TRANSIT>DEFINI||
|I200|Q0E1OKJ0JB|12122022|4,53|N||
|I250|299||4,53|D|1493||PAPOULAS290901: RECEITA 3 (TRANSIT>DEFI||
|I250|586||4,53|C|1493||PAPOULAS290901: RECEITA 3 (TRANSIT>DEFI||
|I200|Q0E1OLJ0JD|12122022|215,06|N||
|I250|299||215,06|D|1493||PAPOULAS290902: DESAGIO (TRANSIT>DEFINI||
|I250|384||215,06|C|1493||PAPOULAS290902: DESAGIO (TRANSIT>DEFINI||
|I200|Q0E1OLJ0JE|12122022|4,53|N||
|I250|299||4,53|D|1493||PAPOULAS290902: RECEITA 3 (TRANSIT>DEFI||
|I250|586||4,53|C|1493||PAPOULAS290902: RECEITA 3 (TRANSIT>DEFI||
|I200|Q0E1OLJ0JK|12122022|66730,55|N||
|I250|8||66730,55|D|1485||*TF:09122022CNABBRADESCO 2805||
|I250|684||66730,55|C|1485||*TF:09122022CNABBRADESCO 2805||
|I200|Q0E1OLJ0JM|12122022|173,28|N||
|I250|299||173,28|D|1495||052336001: DESAGIO (TRANSIT>DEFINITIVA||
|I250|384||173,28|C|1495||052336001: DESAGIO (TRANSIT>DEFINITIVA||
|I200|Q0E1OLJ0JN|12122022|1,91|N||
|I250|299||1,91|D|1495||052336001: RECEITA 3 (TRANSIT>DEFINITI||
|I250|586||1,91|C|1495||052336001: RECEITA 3 (TRANSIT>DEFINITI||
|I200|Q0E1OLJ0JP|12122022|172,09|N||
|I250|299||172,09|D|1495||052337001: DESAGIO (TRANSIT>DEFINITIVA||
|I250|384||172,09|C|1495||052337001: DESAGIO (TRANSIT>DEFINITIVA||
|I200|Q0E1OLJ0JQ|12122022|1,90|N||
|I250|299||1,90|D|1495||052337001: RECEITA 3 (TRANSIT>DEFINITI||
|I250|586||1,90|C|1495||052337001: RECEITA 3 (TRANSIT>DEFINITI||
|I200|Q0E1OLJ0JS|12122022|161,39|N||
|I250|299||161,39|D|1495||052338001: DESAGIO (TRANSIT>DEFINITIVA||
|I250|384||161,39|C|1495||052338001: DESAGIO (TRANSIT>DEFINITIVA||
|I200|Q0E1OMJ0JT|12122022|1,78|N||
|I250|299||1,78|D|1495||052338001: RECEITA 3 (TRANSIT>DEFINITI||
|I250|586||1,78|C|1495||052338001: RECEITA 3 (TRANSIT>DEFINITI||
|I200|Q0E1OMJ0JV|12122022|172,05|N||
|I250|299||172,05|D|1495||052340001: DESAGIO (TRANSIT>DEFINITIVA||
|I250|384||172,05|C|1495||052340001: DESAGIO (TRANSIT>DEFINITIVA||
|I200|Q0E1OMJ0JW|12122022|1,90|N||
|I250|299||1,90|D|1495||052340001: RECEITA 3 (TRANSIT>DEFINITI||
|I250|586||1,90|C|1495||052340001: RECEITA 3 (TRANSIT>DEFINITI||
|I200|Q0E1OMJ0JY|12122022|168,22|N||
|I250|299||168,22|D|1495||052341001: DESAGIO (TRANSIT>DEFINITIVA||
|I250|384||168,22|C|1495||052341001: DESAGIO (TRANSIT>DEFINITIVA||
|I200|Q0E1OMJ0JZ|12122022|1,86|N||
|I250|299||1,86|D|1495||052341001: RECEITA 3 (TRANSIT>DEFINITI||
|I250|586||1,86|C|1495||052341001: RECEITA 3 (TRANSIT>DEFINITI||
|I200|Q0E1OMJ0K1|12122022|172,85|N||
|I250|299||172,85|D|1495||052342001: DESAGIO (TRANSIT>DEFINITIVA||
|I250|384||172,85|C|1495||052342001: DESAGIO (TRANSIT>DEFINITIVA||
|I200|Q0E1OMJ0K2|12122022|1,91|N||
|I250|299||1,91|D|1495||052342001: RECEITA 3 (TRANSIT>DEFINITI||
|I250|586||1,91|C|1495||052342001: RECEITA 3 (TRANSIT>DEFINITI||
|I200|Q0E1OMJ0K4|12122022|174,51|N||
|I250|299||174,51|D|1495||052343001: DESAGIO (TRANSIT>DEFINITIVA||
|I250|384||174,51|C|1495||052343001: DESAGIO (TRANSIT>DEFINITIVA||
|I200|Q0E1OMJ0K5|12122022|1,93|N||
|I250|299||1,93|D|1495||052343001: RECEITA 3 (TRANSIT>DEFINITI||
|I250|586||1,93|C|1495||052343001: RECEITA 3 (TRANSIT>DEFINITI||
|I200|Q0E1ONJ0K7|12122022|153,74|N||
|I250|299||153,74|D|1495||052345001: DESAGIO (TRANSIT>DEFINITIVA||
|I250|384||153,74|C|1495||052345001: DESAGIO (TRANSIT>DEFINITIVA||
|I200|Q0E1ONJ0K8|12122022|1,70|N||
|I250|299||1,70|D|1495||052345001: RECEITA 3 (TRANSIT>DEFINITI||
|I250|586||1,70|C|1495||052345001: RECEITA 3 (TRANSIT>DEFINITI||
|I200|Q0E1ONJ0KA|12122022|173,78|N||
|I250|299||173,78|D|1495||052346001: DESAGIO (TRANSIT>DEFINITIVA||
|I250|384||173,78|C|1495||052346001: DESAGIO (TRANSIT>DEFINITIVA||
|I200|Q0E1ONJ0KB|12122022|1,92|N||
|I250|299||1,92|D|1495||052346001: RECEITA 3 (TRANSIT>DEFINITI||
|I250|586||1,92|C|1495||052346001: RECEITA 3 (TRANSIT>DEFINITI||
|I200|Q0E1ONJ0KD|12122022|166,86|N||
|I250|299||166,86|D|1495||052347001: DESAGIO (TRANSIT>DEFINITIVA||
|I250|384||166,86|C|1495||052347001: DESAGIO (TRANSIT>DEFINITIVA||
|I200|Q0E1ONJ0KE|12122022|1,84|N||
|I250|299||1,84|D|1495||052347001: RECEITA 3 (TRANSIT>DEFINITI||
|I250|586||1,84|C|1495||052347001: RECEITA 3 (TRANSIT>DEFINITI||
|I200|Q0E1ONJ0KG|12122022|172,00|N||
|I250|299||172,00|D|1495||052348001: DESAGIO (TRANSIT>DEFINITIVA||
|I250|384||172,00|C|1495||052348001: DESAGIO (TRANSIT>DEFINITIVA||
|I200|Q0E1ONJ0KH|12122022|1,90|N||
|I250|299||1,90|D|1495||052348001: RECEITA 3 (TRANSIT>DEFINITI||
|I250|586||1,90|C|1495||052348001: RECEITA 3 (TRANSIT>DEFINITI||
|I200|Q0E1OOJ0KJ|12122022|169,64|N||
|I250|299||169,64|D|1495||052349001: DESAGIO (TRANSIT>DEFINITIVA||
|I250|384||169,64|C|1495||052349001: DESAGIO (TRANSIT>DEFINITIVA||
|I200|Q0E1OOJ0KK|12122022|1,87|N||
|I250|299||1,87|D|1495||052349001: RECEITA 3 (TRANSIT>DEFINITI||
|I250|586||1,87|C|1495||052349001: RECEITA 3 (TRANSIT>DEFINITI||
|I200|Q0E1OOJ0KM|12122022|159,67|N||
|I250|299||159,67|D|1495||052350001: DESAGIO (TRANSIT>DEFINITIVA||
|I250|384||159,67|C|1495||052350001: DESAGIO (TRANSIT>DEFINITIVA||
|I200|Q0E1OOJ0KN|12122022|1,76|N||
|I250|299||1,76|D|1495||052350001: RECEITA 3 (TRANSIT>DEFINITI||
|I250|586||1,76|C|1495||052350001: RECEITA 3 (TRANSIT>DEFINITI||
|I200|Q0E1OOJ0KP|12122022|159,33|N||
|I250|299||159,33|D|1495||052351001: DESAGIO (TRANSIT>DEFINITIVA||
|I250|384||159,33|C|1495||052351001: DESAGIO (TRANSIT>DEFINITIVA||
|I200|Q0E1OOJ0KQ|12122022|1,76|N||
|I250|299||1,76|D|1495||052351001: RECEITA 3 (TRANSIT>DEFINITI||
|I250|586||1,76|C|1495||052351001: RECEITA 3 (TRANSIT>DEFINITI||
|I200|Q0E1OOJ0KS|12122022|179,44|N||
|I250|299||179,44|D|1495||052352001: DESAGIO (TRANSIT>DEFINITIVA||
|I250|384||179,44|C|1495||052352001: DESAGIO (TRANSIT>DEFINITIVA||
|I200|Q0E1OOJ0KT|12122022|1,98|N||
|I250|299||1,98|D|1495||052352001: RECEITA 3 (TRANSIT>DEFINITI||
|I250|586||1,98|C|1495||052352001: RECEITA 3 (TRANSIT>DEFINITI||
|I200|Q0E1OOJ0KV|12122022|167,72|N||
|I250|299||167,72|D|1495||052353001: DESAGIO (TRANSIT>DEFINITIVA||
|I250|384||167,72|C|1495||052353001: DESAGIO (TRANSIT>DEFINITIVA||
|I200|Q0E1OOJ0KW|12122022|1,85|N||
|I250|299||1,85|D|1495||052353001: RECEITA 3 (TRANSIT>DEFINITI||
|I250|586||1,85|C|1495||052353001: RECEITA 3 (TRANSIT>DEFINITI||
|I200|Q0E1OPJ0KY|12122022|182,59|N||
|I250|299||182,59|D|1495||052354001: DESAGIO (TRANSIT>DEFINITIVA||
|I250|384||182,59|C|1495||052354001: DESAGIO (TRANSIT>DEFINITIVA||
|I200|Q0E1OPJ0KZ|12122022|2,01|N||
|I250|299||2,01|D|1495||052354001: RECEITA 3 (TRANSIT>DEFINITI||
|I250|586||2,01|C|1495||052354001: RECEITA 3 (TRANSIT>DEFINITI||
|I200|Q0E1OPJ0L1|12122022|176,48|N||
|I250|299||176,48|D|1495||052355001: DESAGIO (TRANSIT>DEFINITIVA||
|I250|384||176,48|C|1495||052355001: DESAGIO (TRANSIT>DEFINITIVA||
|I200|Q0E1OPJ0L2|12122022|1,95|N||
|I250|299||1,95|D|1495||052355001: RECEITA 3 (TRANSIT>DEFINITI||
|I250|586||1,95|C|1495||052355001: RECEITA 3 (TRANSIT>DEFINITI||
|I200|Q0E1OPJ0L4|12122022|84,34|N||
|I250|299||84,34|D|1495||293832: DESAGIO (TRANSIT>DEFINITIVA)||
|I250|384||84,34|C|1495||293832: DESAGIO (TRANSIT>DEFINITIVA)||
|I200|Q0E1OPJ0L5|12122022|2,30|N||
|I250|299||2,30|D|1495||293832: RECEITA 3 (TRANSIT>DEFINITIVA)||
|I250|586||2,30|C|1495||293832: RECEITA 3 (TRANSIT>DEFINITIVA)||
|I200|Q0E1OPJ0L7|12122022|2522,58|N||
|I250|8||2522,58|D|||DEPOSITO  003727||
|I250|69||2522,58|C|||DEPOSITO  003727||
|I200|Q0E1OPJ0L8|12122022|109,31|N||
|I250|299||109,31|D|||003727: DESAGIO (TRANSIT>DEFINITIVA)||
|I250|384||109,31|C|||003727: DESAGIO (TRANSIT>DEFINITIVA)||
|I200|Q0E1OPJ0L9|12122022|1,38|N||
|I250|299||1,38|D|||003727: RECEITA 3 (TRANSIT>DEFINITIVA)||
|I250|586||1,38|C|||003727: RECEITA 3 (TRANSIT>DEFINITIVA)||
|I200|Q0E1OPJ0LA|12122022|7853,00|N||
|I250|7||7853,00|D|||DEPOSITO  000611||
|I250|69||7853,00|C|||DEPOSITO  000611||
|I200|Q0E1OQJ0LB|12122022|289,25|N||
|I250|299||289,25|D|||000611: DESAGIO (TRANSIT>DEFINITIVA)||
|I250|384||289,25|C|||000611: DESAGIO (TRANSIT>DEFINITIVA)||
|I200|Q0E1OQJ0LC|12122022|2,84|N||
|I250|299||2,84|D|||000611: RECEITA 3 (TRANSIT>DEFINITIVA)||
|I250|586||2,84|C|||000611: RECEITA 3 (TRANSIT>DEFINITIVA)||
|I200|Q0E1OQJ0LD|12122022|7853,00|N||
|I250|7||7853,00|D|||DEPOSITO  000610||
|I250|69||7853,00|C|||DEPOSITO  000610||
|I200|Q0E1OQJ0LE|12122022|162,62|N||
|I250|299||162,62|D|||000610: DESAGIO (TRANSIT>DEFINITIVA)||
|I250|384||162,62|C|||000610: DESAGIO (TRANSIT>DEFINITIVA)||
|I200|Q0E1OQJ0LF|12122022|2,84|N||
|I250|299||2,84|D|||000610: RECEITA 3 (TRANSIT>DEFINITIVA)||
|I250|586||2,84|C|||000610: RECEITA 3 (TRANSIT>DEFINITIVA)||
|I200|Q0E1OQJ0LG|12122022|2300,00|N||
|I250|8||2300,00|D|||DEPOSITO  900053||
|I250|69||2300,00|C|||DEPOSITO  900053||
|I200|Q0E1OQJ0LH|12122022|79,73|N||
|I250|299||79,73|D|||900053: DESAGIO (TRANSIT>DEFINITIVA)||
|I250|384||79,73|C|||900053: DESAGIO (TRANSIT>DEFINITIVA)||
|I200|Q0E1OQJ0LI|12122022|3,80|N||
|I250|299||3,80|D|||900053: RECEITA 3 (TRANSIT>DEFINITIVA)||
|I250|586||3,80|C|||900053: RECEITA 3 (TRANSIT>DEFINITIVA)||
|I200|Q0E1OQJ0LJ|12122022|1564,00|N||
|I250|8||1564,00|D|||DEPOSITO  000008||
|I250|69||1564,00|C|||DEPOSITO  000008||
|I200|Q0E1ORJ0LK|12122022|44,15|N||
|I250|299||44,15|D|||000008: DESAGIO (TRANSIT>DEFINITIVA)||
|I250|384||44,15|C|||000008: DESAGIO (TRANSIT>DEFINITIVA)||
|I200|Q0E1ORJ0LL|12122022|1,68|N||
|I250|299||1,68|D|||000008: RECEITA 3 (TRANSIT>DEFINITIVA)||
|I250|586||1,68|C|||000008: RECEITA 3 (TRANSIT>DEFINITIVA)||
|I200|Q0E1ORJ0LM|12122022|893,00|N||
|I250|8||893,00|D|||DEPOSITO  900182||
|I250|69||893,00|C|||DEPOSITO  900182||
|I200|Q0E1ORJ0LN|12122022|19,45|N||
|I250|299||19,45|D|||900182: DESAGIO (TRANSIT>DEFINITIVA)||
|I250|384||19,45|C|||900182: DESAGIO (TRANSIT>DEFINITIVA)||
|I200|Q0E1ORJ0LO|12122022|0,56|N||
|I250|299||0,56|D|||900182: RECEITA 3 (TRANSIT>DEFINITIVA)||
|I250|586||0,56|C|||900182: RECEITA 3 (TRANSIT>DEFINITIVA)||
|I200|Q0E1ORJ0LP|12122022|2307,00|N||
|I250|8||2307,00|D|||DEPOSITO  700041||
|I250|69||2307,00|C|||DEPOSITO  700041||
|I200|Q0E1ORJ0LQ|12122022|50,26|N||
|I250|299||50,26|D|||700041: DESAGIO (TRANSIT>DEFINITIVA)||
|I250|384||50,26|C|||700041: DESAGIO (TRANSIT>DEFINITIVA)||
|I200|Q0E1ORJ0LR|12122022|1,45|N||
|I250|299||1,45|D|||700041: RECEITA 3 (TRANSIT>DEFINITIVA)||
|I250|586||1,45|C|||700041: RECEITA 3 (TRANSIT>DEFINITIVA)||
|I200|Q0E1ORJ0LS|12122022|3,60|N||
|I250|586||3,60|D|||TARIFA REG COBRANCA (2X)||
|I250|8||3,60|C|||TARIFA REG COBRANCA (2X)||
|I200|Q0E1ORJ0LT|12122022|6,00|N||
|I250|586||6,00|D|||TARIFA PIX (4X)||
|I250|8||6,00|C|||TARIFA PIX (4X)||
|I200|Q0E1ORJ0LU|12122022|581,40|N||
|I250|8||581,40|D|||RESGATE CDB||
|I250|19||581,40|C|||RESGATE CDB||
|I200|Q0E1OSJ0LV|12122022|14,53|N||
|I250|280||14,53|D|||CORRECAO SALDO DEVEDOR||
|I250|417||14,53|C|||CORRECAO SALDO DEVEDOR||
|I200|Q0E1OSJ0LW|12122022|4,90|N||
|I250|287||4,90|D|||DUP No PAPOULAS290901||
|I250|586||4,90|C|||DUP No PAPOULAS290901||
|I200|Q0E1OSJ0LX|12122022|4,90|N||
|I250|287||4,90|D|||DUP No PAPOULAS290902||
|I250|586||4,90|C|||DUP No PAPOULAS290902||
|I200|Q0E1OSJ0LY|12122022|4,16|N||
|I250|271||4,16|D|||CORRECAO SALDO DEVEDOR||
|I250|417||4,16|C|||CORRECAO SALDO DEVEDOR||
|I200|Q0E1OSJ0LZ|12122022|3,96|N||
|I250|287||3,96|D|||CORRECAO SALDO DEVEDOR||
|I250|417||3,96|C|||CORRECAO SALDO DEVEDOR||
|I200|Q0E1V9J0C1|12122022|5100,00|N||
|I250|62||5100,00|D|1493||DUPLICATAS BORDERO No32||
|I250|299||58,14|C|1493||DESP FACTORING BORD No32||
|I250|287||514,38|C|1493||RJ  BORD: 322022||
|I250|62||2263,74|C|1493||RCNo:1 :DP PAPOULAS290901>VALRESID||
|I250|62||2263,74|C|1493||RCNo:1 :DP PAPOULAS290902>VALRESID||
|I200|Q0E1V9J0C2|12122022|69354,35|N||
|I250|69||69354,35|D|1494||CHEQUES BORDERO No213||
|I250|299||27,50|C|1494||DESP BANC BORD No213||
|I250|299||3009,87|C|1494||DESP FACTORING BORD No213||
|I250|8||17800,00|C|1494||LIBBORDNo 213 TED||
|I250|281||48516,98|C|1494||LAQUA  BORD: 2132022||
|I200|Q0E1VBJ0C3|12122022|116689,94|N||
|I250|684||116689,94|D|1495||*TP:12122022CNABBRADESCO 2805||
|I250|69||3689,21|C|1495||CNAB DUP  (RESIDUAL)||
|I250|53||5685,40|C|1495||CNAB DUP  (RESIDUAL)||
|I250|53||5892,32|C|1495||CNAB DUP  (RESIDUAL)||
|I250|53||5904,80|C|1495||CNAB DUP  (RESIDUAL)||
|I250|53||5968,24|C|1495||CNAB DUP  (RESIDUAL)||
|I250|53||6170,56|C|1495||CNAB DUP  (RESIDUAL)||
|I250|53||6202,56|C|1495||CNAB DUP  (RESIDUAL)||
|I250|53||6221,00|C|1495||CNAB DUP  (RESIDUAL)||
|I250|53||6273,30|C|1495||CNAB DUP  (RESIDUAL)||
|I250|53||6360,70|C|1495||CNAB DUP  (RESIDUAL)||
|I250|53||6362,56|C|1495||CNAB DUP  (RESIDUAL)||
|I250|53||6364,14|C|1495||CNAB DUP  (RESIDUAL)||
|I250|53||6392,12|C|1495||CNAB DUP  (RESIDUAL)||
|I250|53||6408,00|C|1495||CNAB DUP  (RESIDUAL)||
|I250|53||6426,48|C|1495||CNAB DUP  (RESIDUAL)||
|I250|53||6453,68|C|1495||CNAB DUP  (RESIDUAL)||
|I250|53||6526,47|C|1495||CNAB DUP  (RESIDUAL)||
|I250|53||6636,00|C|1495||CNAB DUP  (RESIDUAL)||
|I250|53||6752,40|C|1495||CNAB DUP  (RESIDUAL)||
|I200|Q0E1OTJ0MC|13122022|116689,94|N||
|I250|8||116689,94|D|1495||*TF:12122022CNABBRADESCO 2805||
|I250|684||116689,94|C|1495||*TF:12122022CNABBRADESCO 2805||
|I200|Q0E1OTJ0MD|13122022|7625,00|N||
|I250|8||7625,00|D|||DEPOSITO  000298||
|I250|69||7625,00|C|||DEPOSITO  000298||
|I200|Q0E1OTJ0ME|13122022|174,33|N||
|I250|299||174,33|D|||000298: DESAGIO (TRANSIT>DEFINITIVA)||
|I250|384||174,33|C|||000298: DESAGIO (TRANSIT>DEFINITIVA)||
|I200|Q0E1OTJ0MF|13122022|4,78|N||
|I250|299||4,78|D|||000298: RECEITA 3 (TRANSIT>DEFINITIVA)||
|I250|586||4,78|C|||000298: RECEITA 3 (TRANSIT>DEFINITIVA)||
|I200|Q0E1OTJ0MG|13122022|7,50|N||
|I250|586||7,50|D|||TARIFA PIX (5x)||
|I250|8||7,50|C|||TARIFA PIX (5x)||
|I200|Q0E1OTJ0MH|13122022|0,60|N||
|I250|586||0,60|D|||TARIFA DEC DE PRAZO (x3)||
|I250|8||0,60|C|||TARIFA DEC DE PRAZO (x3)||
|I200|Q0E1OTJ0MK|13122022|8000,00|N||
|I250|277||8000,00|D|||diferenca do valor pago a menor (saldo p||
|I250|8||8000,00|C|||diferenca do valor pago a menor (saldo p||
|I200|Q0E1OTJ0ML|13122022|48516,98|N||
|I250|281||48516,98|D|||diferenca do valor pago a menor (saldo p||
|I250|8||48516,98|C|||diferenca do valor pago a menor (saldo p||
|I200|Q0E1OUJ0MM|13122022|156,00|N||
|I250|272||156,00|D|||DM  FCP2609 DE 101222 PARA 200123||
|I250|417||156,00|C|||DM  FCP2609 DE 101222 PARA 200123||
|I200|Q0E1OUJ0MN|13122022|4,89|N||
|I250|280||4,89|D|||CORRECAO SALDO DEVEDOR||
|I250|417||4,89|C|||CORRECAO SALDO DEVEDOR||
|I200|Q0E1OUJ0MO|13122022|1,40|N||
|I250|271||1,40|D|||CORRECAO SALDO DEVEDOR||
|I250|417||1,40|C|||CORRECAO SALDO DEVEDOR||
|I200|Q0E1VBJ0C4|13122022|8730,80|N||
|I250|69||8730,80|D|1496||DUPLICATAS BORDERO No214||
|I250|299||10,50|C|1496||DESP BANC BORD No214||
|I250|299||189,84|C|1496||DESP FACTORING BORD No214||
|I250|8||8530,46|C|1496||LIBBORDNo 214 TED||
|I200|Q0E1VBJ0C5|13122022|11177,90|N||
|I250|69||11177,90|D|1497||CHEQUES BORDERO No215||
|I250|299||9,30|C|1497||DESP BANC BORD No215||
|I250|299||404,20|C|1497||DESP FACTORING BORD No215||
|I250|8||10764,40|C|1497||LIBBORDNo 215 TED||
|I200|Q0E1VHJ0C6|13122022|31010,00|N||
|I250|68||31010,00|D|1498||DUPLICATAS BORDERO No19||
|I250|299||3,30|C|1498||DESP BANC BORD No19||
|I250|299||824,73|C|1498||DESP FACTORING BORD No19||
|I250|8||30181,97|C|1498||LIBBORDNo 19 TED||
|I200|Q0E1VJJ0C7|13122022|156,00|N||
|I250|8||156,00|D|1499||REPOSICAO CEDENTE>FACTORING||
|I250|272||156,00|C|1499||Pagamento prorrogacaojuros||
|I200|Q0E1OUJ0MX|14122022|52,05|N||
|I250|299||52,05|D|1501||292071: DESAGIO (TRANSIT>DEFINITIVA)||
|I250|384||52,05|C|1501||292071: DESAGIO (TRANSIT>DEFINITIVA)||
|I200|Q0E1OUJ0MY|14122022|2,35|N||
|I250|299||2,35|D|1501||292071: RECEITA 3 (TRANSIT>DEFINITIVA)||
|I250|586||2,35|C|1501||292071: RECEITA 3 (TRANSIT>DEFINITIVA)||
|I200|Q0E1OUJ0N0|14122022|70,74|N||
|I250|299||70,74|D|1501||294952: DESAGIO (TRANSIT>DEFINITIVA)||
|I250|384||70,74|C|1501||294952: DESAGIO (TRANSIT>DEFINITIVA)||
|I200|Q0E1OUJ0N1|14122022|1,85|N||
|I250|299||1,85|D|1501||294952: RECEITA 3 (TRANSIT>DEFINITIVA)||
|I250|586||1,85|C|1501||294952: RECEITA 3 (TRANSIT>DEFINITIVA)||
|I200|Q0E1OVJ0N3|14122022|36,16|N||
|I250|299||36,16|D|1501||295241: DESAGIO (TRANSIT>DEFINITIVA)||
|I250|384||36,16|C|1501||295241: DESAGIO (TRANSIT>DEFINITIVA)||
|I200|Q0E1OVJ0N4|14122022|2,55|N||
|I250|299||2,55|D|1501||295241: RECEITA 3 (TRANSIT>DEFINITIVA)||
|I250|586||2,55|C|1501||295241: RECEITA 3 (TRANSIT>DEFINITIVA)||
|I200|Q0E1OVJ0N9|14122022|49,52|N||
|I250|299||49,52|D|1502||296221: DESAGIO (TRANSIT>DEFINITIVA)||
|I250|384||49,52|C|1502||296221: DESAGIO (TRANSIT>DEFINITIVA)||
|I200|Q0E1OVJ0NA|14122022|2,55|N||
|I250|299||2,55|D|1502||296221: RECEITA 3 (TRANSIT>DEFINITIVA)||
|I250|586||2,55|C|1502||296221: RECEITA 3 (TRANSIT>DEFINITIVA)||
|I200|Q0E1OVJ0NB|14122022|2350,00|N||
|I250|8||2350,00|D|||DEPOSITO  900054||
|I250|69||2350,00|C|||DEPOSITO  900054||
|I200|Q0E1OVJ0NC|14122022|86,56|N||
|I250|299||86,56|D|||900054: DESAGIO (TRANSIT>DEFINITIVA)||
|I250|384||86,56|C|||900054: DESAGIO (TRANSIT>DEFINITIVA)||
|I200|Q0E1OVJ0ND|14122022|3,88|N||
|I250|299||3,88|D|||900054: RECEITA 3 (TRANSIT>DEFINITIVA)||
|I250|586||3,88|C|||900054: RECEITA 3 (TRANSIT>DEFINITIVA)||
|I200|Q0E1OVJ0NE|14122022|0,20|N||
|I250|586||0,20|D|||TARIFA DEC DE PRAZO||
|I250|8||0,20|C|||TARIFA DEC DE PRAZO||
|I200|Q0E1OWJ0NF|14122022|277,74|N||
|I250|686||277,74|D|||IRRF TERCEIROS||
|I250|8||277,74|C|||IRRF TERCEIROS||
|I200|Q0E1OWJ0NG|14122022|309,27|N||
|I250|686||309,27|D|||IRRF TERCEIROS||
|I250|8||309,27|C|||IRRF TERCEIROS||
|I200|Q0E1OWJ0NH|14122022|47,02|N||
|I250|281||47,02|D|||DP 296221 Bord: 202 Ced: LAQUA||
|I250|417||47,02|C|||DP 296221 Bord: 202 Ced: LAQUA||
|I200|Q0E1OWJ0NI|14122022|8,70|N||
|I250|281||8,70|D|||*DESP BANC BORDERO: 20||
|I250|586||8,70|C|||*DESP BANC BORDERO: 20||
|I200|Q0E1OWJ0NJ|14122022|4,90|N||
|I250|281||4,90|D|||TAR BAIXA DUP No: 296221 Bord: 202 C||
|I250|586||4,90|C|||TAR BAIXA DUP No: 296221 Bord: 202 C||
|I200|Q0E1OWJ0NK|14122022|4,90|N||
|I250|280||4,90|D|||CORRECAO SALDO DEVEDOR||
|I250|417||4,90|C|||CORRECAO SALDO DEVEDOR||
|I200|Q0E1OWJ0NL|14122022|1,40|N||
|I250|271||1,40|D|||CORRECAO SALDO DEVEDOR||
|I250|417||1,40|C|||CORRECAO SALDO DEVEDOR||
|I200|Q0E1OWJ0NM|14122022|6859,12|N||
|I250|66||6859,12|D|||DP 301654  Bord:20||
|I250|269||6859,12|C|||DP 301654  Bord:20||
|I200|Q0E1OXJ0NN|14122022|6859,14|N||
|I250|66||6859,14|D|||DP 301651  Bord:20||
|I250|269||6859,14|C|||DP 301651  Bord:20||
|I200|Q0E1OXJ0NO|14122022|6859,12|N||
|I250|66||6859,12|D|||DP 301652  Bord:20||
|I250|269||6859,12|C|||DP 301652  Bord:20||
|I200|Q0E1OXJ0NP|14122022|6859,12|N||
|I250|66||6859,12|D|||DP 301653  Bord:20||
|I250|269||6859,12|C|||DP 301653  Bord:20||
|I200|Q0E1VKJ0C8|14122022|39319,10|N||
|I250|69||20524,10|D|1500||DUPLICATAS BORDERO No216||
|I250|69||18795,00|D|1500||CHEQUES BORDERO No216||
|I250|299||20,10|C|1500||DESP BANC BORD No216||
|I250|281||51,92|C|1500||LAQUA  BORD: 2162022||
|I250|299||642,77|C|1500||DESP FACTORING BORD No216||
|I250|8||38604,31|C|1500||LIBBORDNo 216 TED||
|I200|Q0E1VKJ0C9|14122022|6913,17|N||
|I250|684||6913,17|D|1501||*TP:14122022CNABBRADESCO 2805||
|I250|417||100,17|C|1501||CNAB DUP   (MORA)||
|I250|69||1581,50|C|1501||CNAB DUP  (RESIDUAL)||
|I250|69||2276,50|C|1501||CNAB DUP  (RESIDUAL)||
|I250|69||2955,00|C|1501||CNAB DUP  (RESIDUAL)||
|I200|Q0E1VKJ0CA|14122022|3045,00|N||
|I250|8||3045,00|D|1502||QUIT  296221 (BANCO)||
|I250|417||22,50|C|1502||QUIT DUP 296221 (DIFLIQ)||
|I250|69||3022,50|C|1502||QUIT DUP 296221 (RESIDUAL)||
|I200|Q0E1OXJ0NX|15122022|5103,17|N||
|I250|299||5103,17|D|1503||CDVINLAND12: DESAGIO (TRANSIT>DEFINITIV||
|I250|384||5103,17|C|1503||CDVINLAND12: DESAGIO (TRANSIT>DEFINITIV||
|I200|Q0E1OXJ0NY|15122022|2,60|N||
|I250|299||2,60|D|1503||CDVINLAND12: RECEITA 3 (TRANSIT>DEFINIT||
|I250|586||2,60|C|1503||CDVINLAND12: RECEITA 3 (TRANSIT>DEFINIT||
|I200|Q0E1OXJ0NZ|15122022|6913,17|N||
|I250|8||6913,17|D|1501||*TF:14122022CNABBRADESCO 2805||
|I250|684||6913,17|C|1501||*TF:14122022CNABBRADESCO 2805||
|I200|Q0E1OYJ0O1|15122022|226,90|N||
|I250|299||226,90|D|1504||266: DESAGIO (TRANSIT>DEFINITIVA)||
|I250|384||226,90|C|1504||266: DESAGIO (TRANSIT>DEFINITIVA)||
|I200|Q0E1OYJ0O2|15122022|1,65|N||
|I250|299||1,65|D|1504||266: RECEITA 3 (TRANSIT>DEFINITIVA)||
|I250|586||1,65|C|1504||266: RECEITA 3 (TRANSIT>DEFINITIVA)||
|I200|Q0E1OYJ0O4|15122022|53,04|N||
|I250|299||53,04|D|1504||297151: DESAGIO (TRANSIT>DEFINITIVA)||
|I250|384||53,04|C|1504||297151: DESAGIO (TRANSIT>DEFINITIVA)||
|I200|Q0E1OYJ0O5|15122022|2,30|N||
|I250|299||2,30|D|1504||297151: RECEITA 3 (TRANSIT>DEFINITIVA)||
|I250|586||2,30|C|1504||297151: RECEITA 3 (TRANSIT>DEFINITIVA)||
|I200|Q0E1OYJ0O9|15122022|40,17|N||
|I250|299||40,17|D|1505||PAPOULAS290501: DESAGIO (TRANSIT>DEFINI||
|I250|384||40,17|C|1505||PAPOULAS290501: DESAGIO (TRANSIT>DEFINI||
|I200|Q0E1OZJ0OA|15122022|1,50|N||
|I250|299||1,50|D|1505||PAPOULAS290501: RECEITA 3 (TRANSIT>DEFI||
|I250|586||1,50|C|1505||PAPOULAS290501: RECEITA 3 (TRANSIT>DEFI||
|I200|Q0E1OZJ0OB|15122022|5019,00|N||
|I250|8||5019,00|D|||DEPOSITO  000406||
|I250|69||5019,00|C|||DEPOSITO  000406||
|I200|Q0E1OZJ0OC|15122022|244,68|N||
|I250|299||244,68|D|||000406: DESAGIO (TRANSIT>DEFINITIVA)||
|I250|384||244,68|C|||000406: DESAGIO (TRANSIT>DEFINITIVA)||
|I200|Q0E1OZJ0OD|15122022|4,27|N||
|I250|299||4,27|D|||000406: RECEITA 3 (TRANSIT>DEFINITIVA)||
|I250|586||4,27|C|||000406: RECEITA 3 (TRANSIT>DEFINITIVA)||
|I200|Q0E1OZJ0OE|15122022|7625,05|N||
|I250|8||7625,05|D|||DEPOSITO  000299||
|I250|69||7625,05|C|||DEPOSITO  000299||
|I200|Q0E1OZJ0OF|15122022|190,72|N||
|I250|299||190,72|D|||000299: DESAGIO (TRANSIT>DEFINITIVA)||
|I250|384||190,72|C|||000299: DESAGIO (TRANSIT>DEFINITIVA)||
|I200|Q0E1OZJ0OG|15122022|4,78|N||
|I250|299||4,78|D|||000299: RECEITA 3 (TRANSIT>DEFINITIVA)||
|I250|586||4,78|C|||000299: RECEITA 3 (TRANSIT>DEFINITIVA)||
|I200|Q0E1OZJ0OH|15122022|1864,84|N||
|I250|8||1864,84|D|||DEPOSITO  002007||
|I250|69||1864,84|C|||DEPOSITO  002007||
|I200|Q0E1OZJ0OI|15122022|30,55|N||
|I250|299||30,55|D|||002007: DESAGIO (TRANSIT>DEFINITIVA)||
|I250|384||30,55|C|||002007: DESAGIO (TRANSIT>DEFINITIVA)||
|I200|Q0E1OZJ0OJ|15122022|2,04|N||
|I250|299||2,04|D|||002007: RECEITA 3 (TRANSIT>DEFINITIVA)||
|I250|586||2,04|C|||002007: RECEITA 3 (TRANSIT>DEFINITIVA)||
|I200|Q0E1OZJ0OK|15122022|943,45|N||
|I250|8||943,45|D|||DEPOSITO  700061||
|I250|69||943,45|C|||DEPOSITO  700061||
|I200|Q0E1OZJ0OL|15122022|11,36|N||
|I250|299||11,36|D|||700061: DESAGIO (TRANSIT>DEFINITIVA)||
|I250|384||11,36|C|||700061: DESAGIO (TRANSIT>DEFINITIVA)||
|I200|Q0E1OZJ0OM|15122022|1,01|N||
|I250|299||1,01|D|||700061: RECEITA 3 (TRANSIT>DEFINITIVA)||
|I250|586||1,01|C|||700061: RECEITA 3 (TRANSIT>DEFINITIVA)||
|I200|Q0E1P0J0ON|15122022|11,12|N||
|I250|586||11,12|D|||TARIFA REG COBRANCA (x4)||
|I250|8||11,12|C|||TARIFA REG COBRANCA (x4)||
|I200|Q0E1P0J0OO|15122022|21,60|N||
|I250|586||21,60|D|||TARIFA REG COBRANCA (12X)||
|I250|8||21,60|C|||TARIFA REG COBRANCA (12X)||
|I200|Q0E1P0J0OP|15122022|6,00|N||
|I250|586||6,00|D|||TARIFA COMAND COBR||
|I250|8||6,00|C|||TARIFA COMAND COBR||
|I200|Q0E1P0J0OQ|15122022|121,90|N||
|I250|586||121,90|D|||TARIFA MANUT CC||
|I250|8||121,90|C|||TARIFA MANUT CC||
|I200|Q0E1P0J0OR|15122022|9,00|N||
|I250|586||9,00|D|||TARIFA PIX (6X)||
|I250|8||9,00|C|||TARIFA PIX (6X)||
|I200|Q0E1P0J0OX|15122022|52,33|N||
|I250|299||52,33|D|1507||APTO301AFCL05: DESAGIO (TRANSIT>DEFINIT||
|I250|384||52,33|C|1507||APTO301AFCL05: DESAGIO (TRANSIT>DEFINIT||
|I200|Q0E1P0J0OY|15122022|0,93|N||
|I250|299||0,93|D|1507||APTO301AFCL05: RECEITA 3 (TRANSIT>DEFIN||
|I250|586||0,93|C|1507||APTO301AFCL05: RECEITA 3 (TRANSIT>DEFIN||
|I200|Q0E1P1J0P1|15122022|61,43|N||
|I250|299||61,43|D|1507||APTO301AFCL06: DESAGIO (TRANSIT>DEFINIT||
|I250|384||61,43|C|1507||APTO301AFCL06: DESAGIO (TRANSIT>DEFINIT||
|I200|Q0E1P1J0P2|15122022|0,93|N||
|I250|299||0,93|D|1507||APTO301AFCL06: RECEITA 3 (TRANSIT>DEFIN||
|I250|586||0,93|C|1507||APTO301AFCL06: RECEITA 3 (TRANSIT>DEFIN||
|I200|Q0E1P1J0P5|15122022|87,75|N||
|I250|299||87,75|D|1507||APTO306CNRD05: DESAGIO (TRANSIT>DEFINIT||
|I250|384||87,75|C|1507||APTO306CNRD05: DESAGIO (TRANSIT>DEFINIT||
|I200|Q0E1P1J0P6|15122022|1,55|N||
|I250|299||1,55|D|1507||APTO306CNRD05: RECEITA 3 (TRANSIT>DEFIN||
|I250|586||1,55|C|1507||APTO306CNRD05: RECEITA 3 (TRANSIT>DEFIN||
|I200|Q0E1P1J0P9|15122022|62,18|N||
|I250|299||62,18|D|1507||APTO202PGR06: DESAGIO (TRANSIT>DEFINITI||
|I250|384||62,18|C|1507||APTO202PGR06: DESAGIO (TRANSIT>DEFINITI||
|I200|Q0E1P1J0PA|15122022|1,08|N||
|I250|299||1,08|D|1507||APTO202PGR06: RECEITA 3 (TRANSIT>DEFINI||
|I250|586||1,08|C|1507||APTO202PGR06: RECEITA 3 (TRANSIT>DEFINI||
|I200|Q0E1P2J0PD|15122022|46,95|N||
|I250|299||46,95|D|1507||APTO101APFPB06: DESAGIO (TRANSIT>DEFINI||
|I250|384||46,95|C|1507||APTO101APFPB06: DESAGIO (TRANSIT>DEFINI||
|I200|Q0E1P2J0PE|15122022|0,82|N||
|I250|299||0,82|D|1507||APTO101APFPB06: RECEITA 3 (TRANSIT>DEFI||
|I250|586||0,82|C|1507||APTO101APFPB06: RECEITA 3 (TRANSIT>DEFI||
|I200|Q0E1P2J0PG|15122022|160,45|N||
|I250|290||160,45|D|||DM  01742799 1 DE 151222 PARA 20122||
|I250|417||160,45|C|||DM  01742799 1 DE 151222 PARA 20122||
|I200|Q0E1P2J0PH|15122022|4,92|N||
|I250|280||4,92|D|||CORRECAO SALDO DEVEDOR||
|I250|417||4,92|C|||CORRECAO SALDO DEVEDOR||
|I200|Q0E1P3J0PI|15122022|4,90|N||
|I250|278||4,90|D|||DUP No CDVINLAND12||
|I250|586||4,90|C|||DUP No CDVINLAND12||
|I200|Q0E1P3J0PJ|15122022|4,90|N||
|I250|287||4,90|D|||DUP No APTO301AFCL05||
|I250|586||4,90|C|||DUP No APTO301AFCL05||
|I200|Q0E1P3J0PK|15122022|4,90|N||
|I250|287||4,90|D|||DUP No APTO301AFCL06||
|I250|586||4,90|C|||DUP No APTO301AFCL06||
|I200|Q0E1P3J0PL|15122022|4,90|N||
|I250|287||4,90|D|||DUP No APTO306CNRD05||
|I250|586||4,90|C|||DUP No APTO306CNRD05||
|I200|Q0E1P3J0PM|15122022|4,90|N||
|I250|287||4,90|D|||DUP No APTO202PGR06||
|I250|586||4,90|C|||DUP No APTO202PGR06||
|I200|Q0E1P3J0PN|15122022|4,90|N||
|I250|287||4,90|D|||DUP No APTO101APFPB06||
|I250|586||4,90|C|||DUP No APTO101APFPB06||
|I200|Q0E1P3J0PO|15122022|2,50|N||
|I250|290||2,50|D|||TARIFA DE DUP 01742799 1||
|I250|586||2,50|C|||TARIFA DE DUP 01742799 1||
|I200|Q0E1P3J0PP|15122022|1,41|N||
|I250|271||1,41|D|||CORRECAO SALDO DEVEDOR||
|I250|417||1,41|C|||CORRECAO SALDO DEVEDOR||
|I200|Q0E1P3J0PQ|15122022|0,03|N||
|I250|281||0,03|D|||CORRECAO SALDO DEVEDOR||
|I250|417||0,03|C|||CORRECAO SALDO DEVEDOR||
|I200|Q0E1VLJ0CB|15122022|142563,21|N||
|I250|53||142563,21|D|1503||DUPLICATAS BORDERO No36||
|I250|299||48,30|C|1503||DESP BANC BORD No36||
|I250|417||489,23|C|1503||RCNo:1 :CDVINLAND12>MORA||
|I250|299||3710,33|C|1503||DESP FACTORING BORD No36||
|I250|53||13978,09|C|1503||RCNo:1 :DP CDVINLAND12>VALRESID||
|I250|8||29600,00|C|1503||LIBBORDNo 36 TED||
|I250|278||94737,26|C|1503||KPL  BORD: 362022||
|I200|Q0E1VLJ0CC|15122022|16998,70|N||
|I250|684||16998,70|D|1504||*TP:15122022CNABBRADESCO 2805||
|I250|69||3237,46|C|1504||CNAB DUP  (RESIDUAL)||
|I250|52||13761,24|C|1504||CNAB DUP  (RESIDUAL)||
|I200|Q0E1VLJ0CD|15122022|747,33|N||
|I250|8||747,33|D|1505||QUIT  PAPOULAS290501 (BANCO)||
|I250|62||747,33|C|1505||QUIT DUP PAPOULAS290501 (RESIDUAL)||
|I200|Q0E1VRJ0CE|15122022|131,85|N||
|I250|8||131,85|D|1506||REPOSICAO CEDENTE>FACTORING||
|I250|290||131,85|C|1506||Pagamento prorrogacaojuros||
|I200|Q0E1VSJ0CF|15122022|1913,58|N||
|I250|8||1913,58|D|1507||RCn:2  :CEDENTE>FACTORING||
|I250|287||0,03|C|1507||REC 2||
|I250|417||15,00|C|1507||RCn:2  :APTO301AFCL06>MORA||
|I250|417||33,03|C|1507||RCn:2  :APTO101APFPB06>MORA||
|I250|417||42,00|C|1507||RCn:2  :APTO301AFCL05>MORA||
|I250|417||43,75|C|1507||RCn:2  :APTO202PGR06>MORA||
|I250|417||65,50|C|1507||RCn:2  :APTO306CNRD05>MORA||
|I250|62||264,27|C|1507||RCn:2  :DP  APTO101APFPB06>RES||
|I250|62||300,00|C|1507||RCn:2  :DP  APTO301AFCL05>RES||
|I250|62||300,00|C|1507||RCn:2  :DP  APTO301AFCL06>RES||
|I250|62||350,00|C|1507||RCn:2  :DP  APTO202PGR06>RES||
|I250|62||500,00|C|1507||RCn:2  :DP  APTO306CNRD05>RES||
|I200|Q0E1P4J0Q2|16122022|41,27|N||
|I250|299||41,27|D|1509||295441: DESAGIO (TRANSIT>DEFINITIVA)||
|I250|384||41,27|C|1509||295441: DESAGIO (TRANSIT>DEFINITIVA)||
|I200|Q0E1P4J0Q3|16122022|3,30|N||
|I250|299||3,30|D|1509||295441: RECEITA 3 (TRANSIT>DEFINITIVA)||
|I250|586||3,30|C|1509||295441: RECEITA 3 (TRANSIT>DEFINITIVA)||
|I200|Q0E1P4J0Q7|16122022|16998,70|N||
|I250|8||16998,70|D|1504||*TF:15122022CNABBRADESCO 2805||
|I250|684||16998,70|C|1504||*TF:15122022CNABBRADESCO 2805||
|I200|Q0E1P5J0Q9|16122022|473,89|N||
|I250|299||473,89|D|1511||267: DESAGIO (TRANSIT>DEFINITIVA)||
|I250|384||473,89|C|1511||267: DESAGIO (TRANSIT>DEFINITIVA)||
|I200|Q0E1P5J0QA|16122022|3,45|N||
|I250|299||3,45|D|1511||267: RECEITA 3 (TRANSIT>DEFINITIVA)||
|I250|586||3,45|C|1511||267: RECEITA 3 (TRANSIT>DEFINITIVA)||
|I200|Q0E1P5J0QC|16122022|42,09|N||
|I250|299||42,09|D|1511||291132: DESAGIO (TRANSIT>DEFINITIVA)||
|I250|384||42,09|C|1511||291132: DESAGIO (TRANSIT>DEFINITIVA)||
|I200|Q0E1P5J0QD|16122022|1,69|N||
|I250|299||1,69|D|1511||291132: RECEITA 3 (TRANSIT>DEFINITIVA)||
|I250|586||1,69|C|1511||291132: RECEITA 3 (TRANSIT>DEFINITIVA)||
|I200|Q0E1P5J0QF|16122022|206,12|N||
|I250|299||206,12|D|1511||292931: DESAGIO (TRANSIT>DEFINITIVA)||
|I250|384||206,12|C|1511||292931: DESAGIO (TRANSIT>DEFINITIVA)||
|I200|Q0E1P5J0QG|16122022|2,04|N||
|I250|299||2,04|D|1511||292931: RECEITA 3 (TRANSIT>DEFINITIVA)||
|I250|586||2,04|C|1511||292931: RECEITA 3 (TRANSIT>DEFINITIVA)||
|I200|Q0E1P5J0QI|16122022|1298,10|N||
|I250|8||1298,10|D|||DEPOSITO  850318||
|I250|69||1298,10|C|||DEPOSITO  850318||
|I200|Q0E1P5J0QJ|16122022|45,00|N||
|I250|299||45,00|D|||850318: DESAGIO (TRANSIT>DEFINITIVA)||
|I250|384||45,00|C|||850318: DESAGIO (TRANSIT>DEFINITIVA)||
|I200|Q0E1P6J0QK|16122022|1,39|N||
|I250|299||1,39|D|||850318: RECEITA 3 (TRANSIT>DEFINITIVA)||
|I250|586||1,39|C|||850318: RECEITA 3 (TRANSIT>DEFINITIVA)||
|I200|Q0E1P6J0QL|16122022|2520,63|N||
|I250|8||2520,63|D|||DEPOSITO  000040||
|I250|69||2520,63|C|||DEPOSITO  000040||
|I200|Q0E1P6J0QM|16122022|87,38|N||
|I250|299||87,38|D|||000040: DESAGIO (TRANSIT>DEFINITIVA)||
|I250|384||87,38|C|||000040: DESAGIO (TRANSIT>DEFINITIVA)||
|I200|Q0E1P6J0QN|16122022|2,70|N||
|I250|299||2,70|D|||000040: RECEITA 3 (TRANSIT>DEFINITIVA)||
|I250|586||2,70|C|||000040: RECEITA 3 (TRANSIT>DEFINITIVA)||
|I200|Q0E1P6J0QO|16122022|6500,00|N||
|I250|7||6500,00|D|||RESG Aplicacao Autom>Santander||
|I250|14||6500,00|C|||RESG Aplicacao Autom>Santander||
|I200|Q0E1P6J0QP|16122022|1570,00|N||
|I250|202||1570,00|D|||RGB||
|I250|8||1570,00|C|||RGB||
|I200|Q0E1P6J0QQ|16122022|46,80|N||
|I250|586||46,80|D|||TARIFA REG COBRANCA (X26)||
|I250|8||46,80|C|||TARIFA REG COBRANCA (X26)||
|I200|Q0E1P7J0QR|16122022|6,00|N||
|I250|586||6,00|D|||TARIFA COMAND COBR||
|I250|8||6,00|C|||TARIFA COMAND COBR||
|I200|Q0E1P7J0QS|16122022|1,15|N||
|I250|586||1,15|D|||TARIFA ALT VENC||
|I250|8||1,15|C|||TARIFA ALT VENC||
|I200|Q0E1P7J0QT|16122022|30,00|N||
|I250|586||30,00|D|||TARIFA COMAND COBR (X5)||
|I250|8||30,00|C|||TARIFA COMAND COBR (X5)||
|I200|Q0E1P7J0QU|16122022|1,50|N||
|I250|586||1,50|D|||TARIFA PIX||
|I250|8||1,50|C|||TARIFA PIX||
|I200|Q0E1P7J0R3|16122022|61000,00|N||
|I250|278||61000,00|D|||diferenca do valor pago a menor (saldo p||
|I250|8||61000,00|C|||diferenca do valor pago a menor (saldo p||
|I200|Q0E1P8J0R6|16122022|450,00|N||
|I250|299||450,00|D|1516||faperjdez: DESAGIO (TRANSIT>DEFINITIVA||
|I250|384||450,00|C|1516||faperjdez: DESAGIO (TRANSIT>DEFINITIVA||
|I200|Q0E1P8J0R7|16122022|1,50|N||
|I250|299||1,50|D|1516||faperjdez: RECEITA 3 (TRANSIT>DEFINITI||
|I250|586||1,50|C|1516||faperjdez: RECEITA 3 (TRANSIT>DEFINITI||
|I200|Q0E1P8J0RB|16122022|3648,17|N||
|I250|299||3648,17|D|1517||216: DESAGIO (TRANSIT>DEFINITIVA)||
|I250|384||3648,17|C|1517||216: DESAGIO (TRANSIT>DEFINITIVA)||
|I200|Q0E1P8J0RC|16122022|1,50|N||
|I250|299||1,50|D|1517||216: RECEITA 3 (TRANSIT>DEFINITIVA)||
|I250|586||1,50|C|1517||216: RECEITA 3 (TRANSIT>DEFINITIVA)||
|I200|Q0E1P8J0RF|16122022|2325,00|N||
|I250|299||2325,00|D|1517||2201: DESAGIO (TRANSIT>DEFINITIVA)||
|I250|384||2325,00|C|1517||2201: DESAGIO (TRANSIT>DEFINITIVA)||
|I200|Q0E1P8J0RG|16122022|1,50|N||
|I250|299||1,50|D|1517||2201: RECEITA 3 (TRANSIT>DEFINITIVA)||
|I250|586||1,50|C|1517||2201: RECEITA 3 (TRANSIT>DEFINITIVA)||
|I200|Q0E1P9J0RJ|16122022|1960,00|N||
|I250|299||1960,00|D|1517||4500604267: DESAGIO (TRANSIT>DEFINITIVA||
|I250|384||1960,00|C|1517||4500604267: DESAGIO (TRANSIT>DEFINITIVA||
|I200|Q0E1P9J0RK|16122022|1,50|N||
|I250|299||1,50|D|1517||4500604267: RECEITA 3 (TRANSIT>DEFINITI||
|I250|586||1,50|C|1517||4500604267: RECEITA 3 (TRANSIT>DEFINITI||
|I200|Q0E1P9J0RM|16122022|4,93|N||
|I250|280||4,93|D|||CORRECAO SALDO DEVEDOR||
|I250|417||4,93|C|||CORRECAO SALDO DEVEDOR||
|I200|Q0E1P9J0RN|16122022|4,90|N||
|I250|281||4,90|D|||DUP No 295441||
|I250|586||4,90|C|||DUP No 295441||
|I200|Q0E1P9J0RO|16122022|1,41|N||
|I250|271||1,41|D|||CORRECAO SALDO DEVEDOR||
|I250|417||1,41|C|||CORRECAO SALDO DEVEDOR||
|I200|Q0E1P9J0RP|16122022|0,03|N||
|I250|281||0,03|D|||CORRECAO SALDO DEVEDOR||
|I250|417||0,03|C|||CORRECAO SALDO DEVEDOR||
|I200|Q0E1VTJ0CG|16122022|1146,00|N||
|I250|47||1146,00|D|1508||CHEQUES BORDERO No12||
|I250|299||2,60|C|1508||DESP BANC BORD No12||
|I250|299||48,90|C|1508||DESP FACTORING BORD No12||
|I250|272||1094,50|C|1508||CICERO PITOMBO  BORD: 122022||
|I200|Q0E1VTJ0CH|16122022|25288,32|N||
|I250|69||25288,32|D|1509||CHEQUES BORDERO No217||
|I250|299||32,70|C|1509||DESP BANC BORD No217||
|I250|417||233,64|C|1509||RCNo:3 :295441>MORA||
|I250|299||933,94|C|1509||DESP FACTORING BORD No217||
|I250|69||3768,34|C|1509||RCNo:3 :DP 295441>VALRESID||
|I250|281||9000,00|C|1509||LAQUA  BORD: 2172022||
|I250|8||11319,70|C|1509||LIBBORDNo 217 TED||
|I200|Q0E1W2J0CI|16122022|192819,90|N||
|I250|44||192819,90|D|1510||DUPLICATAS BORDERO No19||
|I250|299||19084,73|C|1510||DESP FACTORING BORD No19||
|I250|269||173735,17|C|1510||ALL PARTS  BORD: 192022||
|I200|Q0E1W2J0CJ|16122022|35900,76|N||
|I250|684||35900,76|D|1511||*TP:16122022CNABBRADESCO 2805||
|I250|69||1022,50|C|1511||CNAB DUP  (RESIDUAL)||
|I250|69||6137,67|C|1511||CNAB DUP  (RESIDUAL)||
|I250|52||28740,59|C|1511||CNAB DUP  (RESIDUAL)||
|I200|Q0E1W2J0CK|16122022|6500,00|N||
|I250|8||6500,00|D|1512||TRANSF Santander>BRADESCO 2805||
|I250|7||6500,00|C|1512||TRANSF Santander>BRADESCO 2805||
|I200|Q0E1W2J0CL|16122022|15520,00|N||
|I250|8||15520,00|D|1513||REPOSICAO CEDENTE>FACTORING||
|I250|269||15520,00|C|1513||recurso recebido para recompra e troca d||
|I200|Q0E1W2J0CM|16122022|1975,00|N||
|I250|8||1975,00|D|1514||REPOSICAO CEDENTE>FACTORING||
|I250|272||1975,00|C|1514||pagamento da diferenca cheque x recompra||
|I200|Q0E1W3J0CN|16122022|2263,74|N||
|I250|8||2263,74|D|1515||REPOSICAO CEDENTE>FACTORING||
|I250|287||2263,74|C|1515||sacado pagou mesmo com o boleto recompr||
|I200|Q0E1W3J0CO|16122022|3069,00|N||
|I250|272||3069,00|D|1516||RCn:1  :REC AVULSA DEB CC||
|I250|417||69,00|C|1516||RCn:1  :faperjdez>MORA||
|I250|47||3000,00|C|1516||RCn:1  :DP  faperjdez>RES||
|I200|Q0E1W3J0CP|16122022|190899,00|N||
|I250|269||190899,00|D|1517||RCn:2  :REC AVULSA DEB CC||
|I250|417||6112,00|C|1517||RCn:2  :4500604267>MORA||
|I250|417||16500,00|C|1517||RCn:2  :2201>MORA||
|I250|417||17287,00|C|1517||RCn:2  :216>MORA||
|I250|44||32000,00|C|1517||RCn:2  :DP  4500604267>RES||
|I250|44||59000,00|C|1517||RCn:2  :DP  216>RES||
|I250|44||60000,00|C|1517||RCn:2  :DP  2201>RES||
|I200|Q0E1PAJ0RU|19122022|35900,76|N||
|I250|8||35900,76|D|1511||*TF:16122022CNABBRADESCO 2805||
|I250|684||35900,76|C|1511||*TF:16122022CNABBRADESCO 2805||
|I200|Q0E1PAJ0RW|19122022|994,77|N||
|I250|299||994,77|D|1519||01742799 2: DESAGIO (TRANSIT>DEFINITIVA||
|I250|384||994,77|C|1519||01742799 2: DESAGIO (TRANSIT>DEFINITIVA||
|I200|Q0E1PAJ0RX|19122022|2,55|N||
|I250|299||2,55|D|1519||01742799 2: RECEITA 3 (TRANSIT>DEFINITI||
|I250|586||2,55|C|1519||01742799 2: RECEITA 3 (TRANSIT>DEFINITI||
|I200|Q0E1PAJ0RZ|19122022|232,11|N||
|I250|299||232,11|D|1519||053597001: DESAGIO (TRANSIT>DEFINITIVA||
|I250|384||232,11|C|1519||053597001: DESAGIO (TRANSIT>DEFINITIVA||
|I200|Q0E1PAJ0S0|19122022|1,77|N||
|I250|299||1,77|D|1519||053597001: RECEITA 3 (TRANSIT>DEFINITI||
|I250|586||1,77|C|1519||053597001: RECEITA 3 (TRANSIT>DEFINITI||
|I200|Q0E1PAJ0S2|19122022|253,40|N||
|I250|299||253,40|D|1519||053598001: DESAGIO (TRANSIT>DEFINITIVA||
|I250|384||253,40|C|1519||053598001: DESAGIO (TRANSIT>DEFINITIVA||
|I200|Q0E1PAJ0S3|19122022|1,93|N||
|I250|299||1,93|D|1519||053598001: RECEITA 3 (TRANSIT>DEFINITI||
|I250|586||1,93|C|1519||053598001: RECEITA 3 (TRANSIT>DEFINITI||
|I200|Q0E1PBJ0S5|19122022|259,90|N||
|I250|299||259,90|D|1519||053599001: DESAGIO (TRANSIT>DEFINITIVA||
|I250|384||259,90|C|1519||053599001: DESAGIO (TRANSIT>DEFINITIVA||
|I200|Q0E1PBJ0S6|19122022|1,98|N||
|I250|299||1,98|D|1519||053599001: RECEITA 3 (TRANSIT>DEFINITI||
|I250|586||1,98|C|1519||053599001: RECEITA 3 (TRANSIT>DEFINITI||
|I200|Q0E1PBJ0S8|19122022|245,94|N||
|I250|299||245,94|D|1519||053600001: DESAGIO (TRANSIT>DEFINITIVA||
|I250|384||245,94|C|1519||053600001: DESAGIO (TRANSIT>DEFINITIVA||
|I200|Q0E1PBJ0S9|19122022|1,87|N||
|I250|299||1,87|D|1519||053600001: RECEITA 3 (TRANSIT>DEFINITI||
|I250|586||1,87|C|1519||053600001: RECEITA 3 (TRANSIT>DEFINITI||
|I200|Q0E1PBJ0SB|19122022|248,85|N||
|I250|299||248,85|D|1519||053602001: DESAGIO (TRANSIT>DEFINITIVA||
|I250|384||248,85|C|1519||053602001: DESAGIO (TRANSIT>DEFINITIVA||
|I200|Q0E1PBJ0SC|19122022|1,89|N||
|I250|299||1,89|D|1519||053602001: RECEITA 3 (TRANSIT>DEFINITI||
|I250|586||1,89|C|1519||053602001: RECEITA 3 (TRANSIT>DEFINITI||
|I200|Q0E1PBJ0SE|19122022|243,61|N||
|I250|299||243,61|D|1519||053603001: DESAGIO (TRANSIT>DEFINITIVA||
|I250|384||243,61|C|1519||053603001: DESAGIO (TRANSIT>DEFINITIVA||
|I200|Q0E1PBJ0SF|19122022|1,86|N||
|I250|299||1,86|D|1519||053603001: RECEITA 3 (TRANSIT>DEFINITI||
|I250|586||1,86|C|1519||053603001: RECEITA 3 (TRANSIT>DEFINITI||
|I200|Q0E1PBJ0SH|19122022|209,70|N||
|I250|299||209,70|D|1519||053605001: DESAGIO (TRANSIT>DEFINITIVA||
|I250|384||209,70|C|1519||053605001: DESAGIO (TRANSIT>DEFINITIVA||
|I200|Q0E1PBJ0SI|19122022|1,60|N||
|I250|299||1,60|D|1519||053605001: RECEITA 3 (TRANSIT>DEFINITI||
|I250|586||1,60|C|1519||053605001: RECEITA 3 (TRANSIT>DEFINITI||
|I200|Q0E1PCJ0SK|19122022|275,31|N||
|I250|299||275,31|D|1519||053606001: DESAGIO (TRANSIT>DEFINITIVA||
|I250|384||275,31|C|1519||053606001: DESAGIO (TRANSIT>DEFINITIVA||
|I200|Q0E1PCJ0SL|19122022|2,10|N||
|I250|299||2,10|D|1519||053606001: RECEITA 3 (TRANSIT>DEFINITI||
|I250|586||2,10|C|1519||053606001: RECEITA 3 (TRANSIT>DEFINITI||
|I200|Q0E1PCJ0SN|19122022|240,03|N||
|I250|299||240,03|D|1519||053608001: DESAGIO (TRANSIT>DEFINITIVA||
|I250|384||240,03|C|1519||053608001: DESAGIO (TRANSIT>DEFINITIVA||
|I200|Q0E1PCJ0SO|19122022|1,83|N||
|I250|299||1,83|D|1519||053608001: RECEITA 3 (TRANSIT>DEFINITI||
|I250|586||1,83|C|1519||053608001: RECEITA 3 (TRANSIT>DEFINITI||
|I200|Q0E1PCJ0SQ|19122022|251,75|N||
|I250|299||251,75|D|1519||053609001: DESAGIO (TRANSIT>DEFINITIVA||
|I250|384||251,75|C|1519||053609001: DESAGIO (TRANSIT>DEFINITIVA||
|I200|Q0E1PCJ0SR|19122022|1,92|N||
|I250|299||1,92|D|1519||053609001: RECEITA 3 (TRANSIT>DEFINITI||
|I250|586||1,92|C|1519||053609001: RECEITA 3 (TRANSIT>DEFINITI||
|I200|Q0E1PCJ0ST|19122022|269,29|N||
|I250|299||269,29|D|1519||053610001: DESAGIO (TRANSIT>DEFINITIVA||
|I250|384||269,29|C|1519||053610001: DESAGIO (TRANSIT>DEFINITIVA||
|I200|Q0E1PCJ0SU|19122022|2,05|N||
|I250|299||2,05|D|1519||053610001: RECEITA 3 (TRANSIT>DEFINITI||
|I250|586||2,05|C|1519||053610001: RECEITA 3 (TRANSIT>DEFINITI||
|I200|Q0E1PDJ0SW|19122022|237,22|N||
|I250|299||237,22|D|1519||053611001: DESAGIO (TRANSIT>DEFINITIVA||
|I250|384||237,22|C|1519||053611001: DESAGIO (TRANSIT>DEFINITIVA||
|I200|Q0E1PDJ0SX|19122022|1,81|N||
|I250|299||1,81|D|1519||053611001: RECEITA 3 (TRANSIT>DEFINITI||
|I250|586||1,81|C|1519||053611001: RECEITA 3 (TRANSIT>DEFINITI||
|I200|Q0E1PDJ0SZ|19122022|245,93|N||
|I250|299||245,93|D|1519||053612001: DESAGIO (TRANSIT>DEFINITIVA||
|I250|384||245,93|C|1519||053612001: DESAGIO (TRANSIT>DEFINITIVA||
|I200|Q0E1PDJ0T0|19122022|1,87|N||
|I250|299||1,87|D|1519||053612001: RECEITA 3 (TRANSIT>DEFINITI||
|I250|586||1,87|C|1519||053612001: RECEITA 3 (TRANSIT>DEFINITI||
|I200|Q0E1PDJ0T2|19122022|246,79|N||
|I250|299||246,79|D|1519||053613001: DESAGIO (TRANSIT>DEFINITIVA||
|I250|384||246,79|C|1519||053613001: DESAGIO (TRANSIT>DEFINITIVA||
|I200|Q0E1PDJ0T3|19122022|1,88|N||
|I250|299||1,88|D|1519||053613001: RECEITA 3 (TRANSIT>DEFINITI||
|I250|586||1,88|C|1519||053613001: RECEITA 3 (TRANSIT>DEFINITI||
|I200|Q0E1PDJ0T5|19122022|237,08|N||
|I250|299||237,08|D|1519||053614001: DESAGIO (TRANSIT>DEFINITIVA||
|I250|384||237,08|C|1519||053614001: DESAGIO (TRANSIT>DEFINITIVA||
|I200|Q0E1PDJ0T6|19122022|1,81|N||
|I250|299||1,81|D|1519||053614001: RECEITA 3 (TRANSIT>DEFINITI||
|I250|586||1,81|C|1519||053614001: RECEITA 3 (TRANSIT>DEFINITI||
|I200|Q0E1PEJ0T8|19122022|239,71|N||
|I250|299||239,71|D|1519||053615001: DESAGIO (TRANSIT>DEFINITIVA||
|I250|384||239,71|C|1519||053615001: DESAGIO (TRANSIT>DEFINITIVA||
|I200|Q0E1PEJ0T9|19122022|1,83|N||
|I250|299||1,83|D|1519||053615001: RECEITA 3 (TRANSIT>DEFINITI||
|I250|586||1,83|C|1519||053615001: RECEITA 3 (TRANSIT>DEFINITI||
|I200|Q0E1PEJ0TB|19122022|240,98|N||
|I250|299||240,98|D|1519||053616001: DESAGIO (TRANSIT>DEFINITIVA||
|I250|384||240,98|C|1519||053616001: DESAGIO (TRANSIT>DEFINITIVA||
|I200|Q0E1PEJ0TC|19122022|1,84|N||
|I250|299||1,84|D|1519||053616001: RECEITA 3 (TRANSIT>DEFINITI||
|I250|586||1,84|C|1519||053616001: RECEITA 3 (TRANSIT>DEFINITI||
|I200|Q0E1PEJ0TE|19122022|265,29|N||
|I250|299||265,29|D|1519||053618001: DESAGIO (TRANSIT>DEFINITIVA||
|I250|384||265,29|C|1519||053618001: DESAGIO (TRANSIT>DEFINITIVA||
|I200|Q0E1PEJ0TF|19122022|2,02|N||
|I250|299||2,02|D|1519||053618001: RECEITA 3 (TRANSIT>DEFINITI||
|I250|586||2,02|C|1519||053618001: RECEITA 3 (TRANSIT>DEFINITI||
|I200|Q0E1PEJ0TH|19122022|112,03|N||
|I250|299||112,03|D|1519||293833: DESAGIO (TRANSIT>DEFINITIVA)||
|I250|384||112,03|C|1519||293833: DESAGIO (TRANSIT>DEFINITIVA)||
|I200|Q0E1PFJ0TI|19122022|2,30|N||
|I250|299||2,30|D|1519||293833: RECEITA 3 (TRANSIT>DEFINITIVA)||
|I250|586||2,30|C|1519||293833: RECEITA 3 (TRANSIT>DEFINITIVA)||
|I200|Q0E1PFJ0TK|19122022|839,50|N||
|I250|8||839,50|D|||DEPOSITO  000111||
|I250|69||839,50|C|||DEPOSITO  000111||
|I200|Q0E1PFJ0TL|19122022|39,11|N||
|I250|299||39,11|D|||000111: DESAGIO (TRANSIT>DEFINITIVA)||
|I250|384||39,11|C|||000111: DESAGIO (TRANSIT>DEFINITIVA)||
|I200|Q0E1PFJ0TM|19122022|0,75|N||
|I250|299||0,75|D|||000111: RECEITA 3 (TRANSIT>DEFINITIVA)||
|I250|586||0,75|C|||000111: RECEITA 3 (TRANSIT>DEFINITIVA)||
|I200|Q0E1PFJ0TN|19122022|6340,18|N||
|I250|8||6340,18|D|||DEPOSITO  000408||
|I250|69||6340,18|C|||DEPOSITO  000408||
|I200|Q0E1PFJ0TO|19122022|247,27|N||
|I250|299||247,27|D|||000408: DESAGIO (TRANSIT>DEFINITIVA)||
|I250|384||247,27|C|||000408: DESAGIO (TRANSIT>DEFINITIVA)||
|I200|Q0E1PFJ0TP|19122022|3,16|N||
|I250|299||3,16|D|||000408: RECEITA 3 (TRANSIT>DEFINITIVA)||
|I250|586||3,16|C|||000408: RECEITA 3 (TRANSIT>DEFINITIVA)||
|I200|Q0E1PFJ0TQ|19122022|1056,70|N||
|I250|8||1056,70|D|||DEPOSITO  000057||
|I250|69||1056,70|C|||DEPOSITO  000057||
|I200|Q0E1PGJ0TR|19122022|37,78|N||
|I250|299||37,78|D|||000057: DESAGIO (TRANSIT>DEFINITIVA)||
|I250|384||37,78|C|||000057: DESAGIO (TRANSIT>DEFINITIVA)||
|I200|Q0E1PGJ0TS|19122022|1,13|N||
|I250|299||1,13|D|||000057: RECEITA 3 (TRANSIT>DEFINITIVA)||
|I250|586||1,13|C|||000057: RECEITA 3 (TRANSIT>DEFINITIVA)||
|I200|Q0E1PGJ0TT|19122022|892,00|N||
|I250|8||892,00|D|||DEPOSITO  900183||
|I250|69||892,00|C|||DEPOSITO  900183||
|I200|Q0E1PGJ0TU|19122022|26,13|N||
|I250|299||26,13|D|||900183: DESAGIO (TRANSIT>DEFINITIVA)||
|I250|384||26,13|C|||900183: DESAGIO (TRANSIT>DEFINITIVA)||
|I200|Q0E1PGJ0TV|19122022|0,56|N||
|I250|299||0,56|D|||900183: RECEITA 3 (TRANSIT>DEFINITIVA)||
|I250|586||0,56|C|||900183: RECEITA 3 (TRANSIT>DEFINITIVA)||
|I200|Q0E1PGJ0TW|19122022|1770,00|N||
|I250|8||1770,00|D|||DEPOSITO  700042||
|I250|69||1770,00|C|||DEPOSITO  700042||
|I200|Q0E1PGJ0TX|19122022|51,86|N||
|I250|299||51,86|D|||700042: DESAGIO (TRANSIT>DEFINITIVA)||
|I250|384||51,86|C|||700042: DESAGIO (TRANSIT>DEFINITIVA)||
|I200|Q0E1PGJ0TY|19122022|1,11|N||
|I250|299||1,11|D|||700042: RECEITA 3 (TRANSIT>DEFINITIVA)||
|I250|586||1,11|C|||700042: RECEITA 3 (TRANSIT>DEFINITIVA)||
|I200|Q0E1PGJ0TZ|19122022|2520,63|N||
|I250|69||2520,63|D|||DEV CHQ  000040||
|I250|8||2520,63|C|||DEV CHQ  000040||
|I200|Q0E1PGJ0U0|19122022|87,38|N||
|I250|384||87,38|D|||000040: DESAGIO (DEFINITIVA>TRANSIT)||
|I250|299||87,38|C|||000040: DESAGIO (DEFINITIVA>TRANSIT)||
|I200|Q0E1PGJ0U1|19122022|2,70|N||
|I250|586||2,70|D|||000040: RECEITA 3 (DEFINITIVA>TRANSIT)||
|I250|299||2,70|C|||000040: RECEITA 3 (DEFINITIVA>TRANSIT)||
|I200|Q0E1PHJ0U2|19122022|1,60|N||
|I250|7||1,60|D|||RESG Aplicacao Autom>Santander||
|I250|14||1,60|C|||RESG Aplicacao Autom>Santander||
|I200|Q0E1PHJ0U3|19122022|1,60|N||
|I250|586||1,60|D|||TARIFA TIT VENCIDO||
|I250|7||1,60|C|||TARIFA TIT VENCIDO||
|I200|Q0E1PHJ0U4|19122022|105,10|N||
|I250|504||105,10|D|||BOA VISTA||
|I250|8||105,10|C|||BOA VISTA||
|I200|Q0E1PHJ0U5|19122022|1,50|N||
|I250|586||1,50|D|||TARIFA PIX||
|I250|8||1,50|C|||TARIFA PIX||
|I200|Q0E1PHJ0U8|19122022|34064,04|N||
|I250|278||34064,04|D|||diferenca do valor pago a menor (saldo p||
|I250|8||34064,04|C|||diferenca do valor pago a menor (saldo p||
|I200|Q0E1PHJ0U9|19122022|8986,34|N||
|I250|281||8986,34|D|||diferenca do valor pago a menor (saldo p||
|I250|8||8986,34|C|||diferenca do valor pago a menor (saldo p||
|I200|Q0E1PHJ0UC|19122022|325,02|N||
|I250|299||325,02|D|1521||APTO101CRSR16: DESAGIO (TRANSIT>DEFINIT||
|I250|384||325,02|C|1521||APTO101CRSR16: DESAGIO (TRANSIT>DEFINIT||
|I200|Q0E1PIJ0UD|19122022|0,08|N||
|I250|299||0,08|D|1521||APTO101CRSR16: RECEITA 3 (TRANSIT>DEFIN||
|I250|586||0,08|C|1521||APTO101CRSR16: RECEITA 3 (TRANSIT>DEFIN||
|I200|Q0E1PIJ0UG|19122022|320,00|N||
|I250|299||320,00|D|1521||APTO407LGF16: DESAGIO (TRANSIT>DEFINITI||
|I250|384||320,00|C|1521||APTO407LGF16: DESAGIO (TRANSIT>DEFINITI||
|I200|Q0E1PIJ0UH|19122022|0,08|N||
|I250|299||0,08|D|1521||APTO407LGF16: RECEITA 3 (TRANSIT>DEFINI||
|I250|586||0,08|C|1521||APTO407LGF16: RECEITA 3 (TRANSIT>DEFINI||
|I200|Q0E1PIJ0UL|19122022|5300,00|N||
|I250|299||5300,00|D|1522||000018: DESAGIO (TRANSIT>DEFINITIVA)||
|I250|384||5300,00|C|1522||000018: DESAGIO (TRANSIT>DEFINITIVA)||
|I200|Q0E1PIJ0UM|19122022|3,30|N||
|I250|299||3,30|D|1522||000018: RECEITA 3 (TRANSIT>DEFINITIVA)||
|I250|586||3,30|C|1522||000018: RECEITA 3 (TRANSIT>DEFINITIVA)||
|I200|Q0E1PIJ0UO|19122022|14,84|N||
|I250|280||14,84|D|||CORRECAO SALDO DEVEDOR||
|I250|417||14,84|C|||CORRECAO SALDO DEVEDOR||
|I200|Q0E1PJJ0UP|19122022|4,90|N||
|I250|292||4,90|D|||DUP No 000018||
|I250|586||4,90|C|||DUP No 000018||
|I200|Q0E1PJJ0UQ|19122022|4,90|N||
|I250|287||4,90|D|||DUP No APTO101CRSR16||
|I250|586||4,90|C|||DUP No APTO101CRSR16||
|I200|Q0E1PJJ0UR|19122022|4,90|N||
|I250|287||4,90|D|||DUP No APTO407LGF16||
|I250|586||4,90|C|||DUP No APTO407LGF16||
|I200|Q0E1PJJ0US|19122022|4,25|N||
|I250|271||4,25|D|||CORRECAO SALDO DEVEDOR||
|I250|417||4,25|C|||CORRECAO SALDO DEVEDOR||
|I200|Q0E1WEJ0CQ|19122022|80000,00|N||
|I250|73||80000,00|D|1518||DUPLICATAS BORDERO No2||
|I250|299||1,80|C|1518||DESP BANC BORD No2||
|I250|299||1813,74|C|1518||DESP FACTORING BORD No2||
|I250|292||78184,46|C|1518||ARENA UNIMED  BORD: 22022||
|I200|Q0E1WFJ0CR|19122022|197209,77|N||
|I250|684||197209,77|D|1519||*TP:19122022CNABBRADESCO 2805||
|I250|69||3689,21|C|1519||CNAB DUP  (RESIDUAL)||
|I250|53||7481,82|C|1519||CNAB DUP  (RESIDUAL)||
|I250|53||8281,18|C|1519||CNAB DUP  (RESIDUAL)||
|I250|53||8458,64|C|1519||CNAB DUP  (RESIDUAL)||
|I250|53||8463,44|C|1519||CNAB DUP  (RESIDUAL)||
|I250|53||8552,28|C|1519||CNAB DUP  (RESIDUAL)||
|I250|53||8563,82|C|1519||CNAB DUP  (RESIDUAL)||
|I250|53||8597,71|C|1519||CNAB DUP  (RESIDUAL)||
|I250|53||8691,62|C|1519||CNAB DUP  (RESIDUAL)||
|I250|53||8774,24|C|1519||CNAB DUP  (RESIDUAL)||
|I250|53||8774,70|C|1519||CNAB DUP  (RESIDUAL)||
|I250|53||8805,06|C|1519||CNAB DUP  (RESIDUAL)||
|I250|53||8878,38|C|1519||CNAB DUP  (RESIDUAL)||
|I250|53||8982,08|C|1519||CNAB DUP  (RESIDUAL)||
|I250|53||9040,98|C|1519||CNAB DUP  (RESIDUAL)||
|I250|53||9272,84|C|1519||CNAB DUP  (RESIDUAL)||
|I250|53||9465,00|C|1519||CNAB DUP  (RESIDUAL)||
|I250|53||9607,75|C|1519||CNAB DUP  (RESIDUAL)||
|I250|53||9822,62|C|1519||CNAB DUP  (RESIDUAL)||
|I250|68||35006,40|C|1519||CNAB DUP  (RESIDUAL)||
|I200|Q0E1WFJ0CS|19122022|3520,44|N||
|I250|8||3520,44|D|1520||REPOSICAO CEDENTE>FACTORING||
|I250|292||3520,44|C|1520||diferenca da recompra x nova operacao||
|I200|Q0E1WGJ0CT|19122022|2262,53|N||
|I250|287||2262,53|D|1521||RCn:1  :REC AVULSA DEB CC||
|I250|417||122,38|C|1521||RCn:1  :APTO101CRSR16>MORA||
|I250|417||137,00|C|1521||RCn:1  :APTO407LGF16>MORA||
|I250|62||1000,00|C|1521||RCn:1  :DP  APTO407LGF16>RES||
|I250|62||1003,15|C|1521||RCn:1  :DP  APTO101CRSR16>RES||
|I200|Q0E1WGJ0CU|19122022|85200,00|N||
|I250|292||85200,00|D|1522||RCn:2  :REC AVULSA DEB CC||
|I250|417||5200,00|C|1522||RCn:2  :000018>MORA||
|I250|73||80000,00|C|1522||RCn:2  :DP  000018>RES||
|I200|Q0E1PJJ0V0|20122022|87,38|N||
|I250|299||87,38|D|1523||000040: DESAGIO (TRANSIT>DEFINITIVA)||
|I250|384||87,38|C|1523||000040: DESAGIO (TRANSIT>DEFINITIVA)||
|I200|Q0E1PJJ0V1|20122022|2,70|N||
|I250|299||2,70|D|1523||000040: RECEITA 3 (TRANSIT>DEFINITIVA)||
|I250|586||2,70|C|1523||000040: RECEITA 3 (TRANSIT>DEFINITIVA)||
|I200|Q0E1PKJ0V7|20122022|899,33|N||
|I250|299||899,33|D|1524||01742799 1: DESAGIO (TRANSIT>DEFINITIVA||
|I250|384||899,33|C|1524||01742799 1: DESAGIO (TRANSIT>DEFINITIVA||
|I200|Q0E1PKJ0V8|20122022|2,55|N||
|I250|299||2,55|D|1524||01742799 1: RECEITA 3 (TRANSIT>DEFINITI||
|I250|586||2,55|C|1524||01742799 1: RECEITA 3 (TRANSIT>DEFINITI||
|I200|Q0E1PLJ0VH|20122022|197209,77|N||
|I250|8||197209,77|D|1519||*TF:19122022CNABBRADESCO 2805||
|I250|684||197209,77|C|1519||*TF:19122022CNABBRADESCO 2805||
|I200|Q0E1PLJ0VL|20122022|72,35|N||
|I250|299||72,35|D|1527||296222: DESAGIO (TRANSIT>DEFINITIVA)||
|I250|384||72,35|C|1527||296222: DESAGIO (TRANSIT>DEFINITIVA)||
|I200|Q0E1PLJ0VM|20122022|2,55|N||
|I250|299||2,55|D|1527||296222: RECEITA 3 (TRANSIT>DEFINITIVA)||
|I250|586||2,55|C|1527||296222: RECEITA 3 (TRANSIT>DEFINITIVA)||
|I200|Q0E1PLJ0VN|20122022|1000,00|N||
|I250|8||1000,00|D|||DEPOSITO  001010||
|I250|69||1000,00|C|||DEPOSITO  001010||
|I200|Q0E1PLJ0VO|20122022|21,79|N||
|I250|299||21,79|D|||001010: DESAGIO (TRANSIT>DEFINITIVA)||
|I250|384||21,79|C|||001010: DESAGIO (TRANSIT>DEFINITIVA)||
|I200|Q0E1PLJ0VP|20122022|1,10|N||
|I250|299||1,10|D|||001010: RECEITA 3 (TRANSIT>DEFINITIVA)||
|I250|586||1,10|C|||001010: RECEITA 3 (TRANSIT>DEFINITIVA)||
|I200|Q0E1PLJ0VQ|20122022|557,00|N||
|I250|203||557,00|D|||ANFAC||
|I250|8||557,00|C|||ANFAC||
|I200|Q0E1PLJ0VR|20122022|400,00|N||
|I250|123||400,00|D|||SERV CONTABILIDADE  Envio de Obrigado A||
|I250|8||400,00|C|||SERV CONTABILIDADE  Envio de Obrigado A||
|I200|Q0E1PMJ0VS|20122022|1333,33|N||
|I250|201||1333,33|D|||SERV CONTABILIDADE  Envio Obrigacoes Ar||
|I250|8||1333,33|C|||SERV CONTABILIDADE  Envio Obrigacoes Ar||
|I200|Q0E1PMJ0VT|20122022|528694,07|N||
|I250|12||528694,07|D|||JUROS  BODY 12||
|I250|418||528694,07|C|||JUROS  BODY 12||
|I200|Q0E1PMJ0VU|20122022|636404,07|N||
|I250|12||636404,07|D|||JUROS  BODY 13||
|I250|418||636404,07|C|||JUROS  BODY 13||
|I200|Q0E1PMJ0VV|20122022|83587,71|N||
|I250|78||83587,71|D|||IR INVESTIMENTOS  BODY 12||
|I250|12||83587,71|C|||IR INVESTIMENTOS  BODY 12||
|I200|Q0E1PNJ0VW|20122022|86342,90|N||
|I250|78||86342,90|D|||IR INVESTIMENTOS  BODY 13||
|I250|12||86342,90|C|||IR INVESTIMENTOS  BODY 13||
|I200|Q0E1PNJ0VX|20122022|1,80|N||
|I250|586||1,80|D|||TARIFA REG COBRANCA||
|I250|8||1,80|C|||TARIFA REG COBRANCA||
|I200|Q0E1PNJ0VY|20122022|0,40|N||
|I250|586||0,40|D|||TARIFA DEC DE PRAZO||
|I250|8||0,40|C|||TARIFA DEC DE PRAZO||
|I200|Q0E1PNJ0VZ|20122022|6,00|N||
|I250|586||6,00|D|||TARIFA COMAND COBR||
|I250|8||6,00|C|||TARIFA COMAND COBR||
|I200|Q0E1PNJ0W0|20122022|3,00|N||
|I250|586||3,00|D|||TARIFA PIX (X2)||
|I250|8||3,00|C|||TARIFA PIX (X2)||
|I200|Q0E1POJ0W4|20122022|344,42|N||
|I250|299||344,42|D|1528||APTO101CRSR17: DESAGIO (TRANSIT>DEFINIT||
|I250|384||344,42|C|1528||APTO101CRSR17: DESAGIO (TRANSIT>DEFINIT||
|I200|Q0E1POJ0W5|20122022|0,08|N||
|I250|299||0,08|D|1528||APTO101CRSR17: RECEITA 3 (TRANSIT>DEFIN||
|I250|586||0,08|C|1528||APTO101CRSR17: RECEITA 3 (TRANSIT>DEFIN||
|I200|Q0E1POJ0W8|20122022|5145,00|N||
|I250|299||5145,00|D|1528||APTO102CTA13: DESAGIO (TRANSIT>DEFINITI||
|I250|384||5145,00|C|1528||APTO102CTA13: DESAGIO (TRANSIT>DEFINITI||
|I200|Q0E1POJ0W9|20122022|0,26|N||
|I250|299||0,26|D|1528||APTO102CTA13: RECEITA 3 (TRANSIT>DEFINI||
|I250|586||0,26|C|1528||APTO102CTA13: RECEITA 3 (TRANSIT>DEFINI||
|I200|Q0E1POJ0WC|20122022|1524,00|N||
|I250|299||1524,00|D|1528||APTO102CTA14: DESAGIO (TRANSIT>DEFINITI||
|I250|384||1524,00|C|1528||APTO102CTA14: DESAGIO (TRANSIT>DEFINITI||
|I200|Q0E1POJ0WD|20122022|0,07|N||
|I250|299||0,07|D|1528||APTO102CTA14: RECEITA 3 (TRANSIT>DEFINI||
|I250|586||0,07|C|1528||APTO102CTA14: RECEITA 3 (TRANSIT>DEFINI||
|I200|Q0E1PPJ0WG|20122022|209,30|N||
|I250|299||209,30|D|1528||APTO202JLSJ05: DESAGIO (TRANSIT>DEFINIT||
|I250|384||209,30|C|1528||APTO202JLSJ05: DESAGIO (TRANSIT>DEFINIT||
|I200|Q0E1PPJ0WH|20122022|3,71|N||
|I250|299||3,71|D|1528||APTO202JLSJ05: RECEITA 3 (TRANSIT>DEFIN||
|I250|586||3,71|C|1528||APTO202JLSJ05: RECEITA 3 (TRANSIT>DEFIN||
|I200|Q0E1PPJ0WK|20122022|1955,00|N||
|I250|299||1955,00|D|1528||FRJ 191022: DESAGIO (TRANSIT>DEFINITIVA||
|I250|384||1955,00|C|1528||FRJ 191022: DESAGIO (TRANSIT>DEFINITIVA||
|I200|Q0E1PPJ0WL|20122022|1,50|N||
|I250|299||1,50|D|1528||FRJ 191022: RECEITA 3 (TRANSIT>DEFINITI||
|I250|586||1,50|C|1528||FRJ 191022: RECEITA 3 (TRANSIT>DEFINITI||
|I200|Q0E1PPJ0WN|20122022|22,50|N||
|I250|281||22,50|D|||DP 296222 Bord: 202 Ced: LAQUA||
|I250|417||22,50|C|||DP 296222 Bord: 202 Ced: LAQUA||
|I200|Q0E1PPJ0WO|20122022|10,50|N||
|I250|292||10,50|D|||CORRECAO SALDO DEVEDOR||
|I250|417||10,50|C|||CORRECAO SALDO DEVEDOR||
|I200|Q0E1PQJ0WP|20122022|4,99|N||
|I250|280||4,99|D|||CORRECAO SALDO DEVEDOR||
|I250|417||4,99|C|||CORRECAO SALDO DEVEDOR||
|I200|Q0E1PQJ0WQ|20122022|4,90|N||
|I250|281||4,90|D|||TAR BAIXA DUP No: 296222 Bord: 202 C||
|I250|586||4,90|C|||TAR BAIXA DUP No: 296222 Bord: 202 C||
|I200|Q0E1PQJ0WR|20122022|4,90|N||
|I250|287||4,90|D|||DUP No APTO101CRSR17||
|I250|586||4,90|C|||DUP No APTO101CRSR17||
|I200|Q0E1PQJ0WS|20122022|4,90|N||
|I250|287||4,90|D|||DUP No APTO102CTA13||
|I250|586||4,90|C|||DUP No APTO102CTA13||
|I200|Q0E1PQJ0WT|20122022|4,90|N||
|I250|287||4,90|D|||DUP No APTO102CTA14||
|I250|586||4,90|C|||DUP No APTO102CTA14||
|I200|Q0E1PQJ0WU|20122022|4,90|N||
|I250|287||4,90|D|||DUP No APTO202JLSJ05||
|I250|586||4,90|C|||DUP No APTO202JLSJ05||
|I200|Q0E1PQJ0WV|20122022|4,90|N||
|I250|287||4,90|D|||DUP No FRJ 191022||
|I250|586||4,90|C|||DUP No FRJ 191022||
|I200|Q0E1PQJ0WW|20122022|1,43|N||
|I250|271||1,43|D|||CORRECAO SALDO DEVEDOR||
|I250|417||1,43|C|||CORRECAO SALDO DEVEDOR||
|I200|Q0E1WGJ0CV|20122022|31142,45|N||
|I250|69||31142,45|D|1523||CHEQUES BORDERO No218||
|I250|299||17,10|C|1523||DESP BANC BORD No218||
|I250|281||27,40|C|1523||LAQUA  BORD: 2182022||
|I250|417||80,66|C|1523||RCNo:2 :000040>MORA||
|I250|299||832,04|C|1523||DESP FACTORING BORD No218||
|I250|69||2520,63|C|1523||RCNo:2 :CH 000040>VALRESID||
|I250|8||27664,62|C|1523||LIBBORDNo 218 TED||
|I200|Q0E1WHJ0CW|20122022|65008,00|N||
|I250|68||65008,00|D|1524||DUPLICATAS BORDERO No20||
|I250|299||5,10|C|1524||DESP BANC BORD No20||
|I250|299||1699,50|C|1524||DESP FACTORING BORD No20||
|I250|8||28297,00|C|1524||LIBBORDNo 20 TED||
|I250|68||35006,40|C|1524||RCNo:1 :DP 01742799 1>VALRESID||
|I200|Q0E1WHJ0CX|20122022|72796,75|N||
|I250|53||72796,75|D|1525||DUPLICATAS BORDERO No37||
|I250|299||32,40|C|1525||DESP BANC BORD No37||
|I250|299||2040,38|C|1525||DESP FACTORING BORD No37||
|I250|8||70723,97|C|1525||LIBBORDNo 37 TED||
|I200|Q0E1WHJ0CY|20122022|92003,55|N||
|I250|52||92003,55|D|1526||DUPLICATAS BORDERO No17||
|I250|299||8,70|C|1526||DESP BANC BORD No17||
|I250|299||2672,37|C|1526||DESP FACTORING BORD No17||
|I250|8||89322,48|C|1526||LIBBORDNo 17 TED||
|I200|Q0E1WHJ0CZ|20122022|3022,50|N||
|I250|8||3000,00|D|1527||QUIT  296222 (BANCO)||
|I250|417||22,50|D|1527||QUIT DUP 296222 (DIFLIQ)||
|I250|69||3022,50|C|1527||QUIT DUP 296222 (RESIDUAL)||
|I200|Q0E1WIJ0D0|20122022|75127,51|N||
|I250|8||75127,51|D|1528||RCn:3  :CEDENTE>FACTORING||
|I250|417||35,11|C|1528||RCn:3  :APTO101CRSR17>MORA||
|I250|417||140,00|C|1528||RCn:3  :APTO102CTA14>MORA||
|I250|417||150,00|C|1528||RCn:3  :APTO202JLSJ05>MORA||
|I250|287||352,25|C|1528||REC 3||
|I250|62||1003,15|C|1528||RCn:3  :DP  APTO101CRSR17>RES||
|I250|62||1200,00|C|1528||RCn:3  :DP  APTO202JLSJ05>RES||
|I250|417||2325,00|C|1528||RCn:3  :APTO102CTA13>MORA||
|I250|62||4000,00|C|1528||RCn:3  :DP  APTO102CTA14>RES||
|I250|417||4922,00|C|1528||RCn:3  :FRJ 191022>MORA||
|I250|62||15000,00|C|1528||RCn:3  :DP  APTO102CTA13>RES||
|I250|62||46000,00|C|1528||RCn:3  :DP  FRJ 191022>RES||
|I200|Q0E1PRJ0WZ|21122022|268,76|N||
|I250|299||268,76|D|1529||053604001: DESAGIO (TRANSIT>DEFINITIVA||
|I250|384||268,76|C|1529||053604001: DESAGIO (TRANSIT>DEFINITIVA||
|I200|Q0E1PRJ0X0|21122022|2,05|N||
|I250|299||2,05|D|1529||053604001: RECEITA 3 (TRANSIT>DEFINITI||
|I250|586||2,05|C|1529||053604001: RECEITA 3 (TRANSIT>DEFINITI||
|I200|Q0E1PRJ0X2|21122022|68,51|N||
|I250|299||68,51|D|1529||12697: DESAGIO (TRANSIT>DEFINITIVA)||
|I250|384||68,51|C|1529||12697: DESAGIO (TRANSIT>DEFINITIVA)||
|I200|Q0E1PRJ0X3|21122022|3,99|N||
|I250|299||3,99|D|1529||12697: RECEITA 3 (TRANSIT>DEFINITIVA)||
|I250|586||3,99|C|1529||12697: RECEITA 3 (TRANSIT>DEFINITIVA)||
|I200|Q0E1PRJ0X5|21122022|2520,63|N||
|I250|8||2520,63|D|||DEPOSITO  000039||
|I250|69||2520,63|C|||DEPOSITO  000039||
|I200|Q0E1PRJ0X6|21122022|95,57|N||
|I250|299||95,57|D|||000039: DESAGIO (TRANSIT>DEFINITIVA)||
|I250|384||95,57|C|||000039: DESAGIO (TRANSIT>DEFINITIVA)||
|I200|Q0E1PRJ0X7|21122022|2,70|N||
|I250|299||2,70|D|||000039: RECEITA 3 (TRANSIT>DEFINITIVA)||
|I250|586||2,70|C|||000039: RECEITA 3 (TRANSIT>DEFINITIVA)||
|I200|Q0E1PRJ0X8|21122022|4200,00|N||
|I250|8||4200,00|D|||DEPOSITO  851067||
|I250|69||4200,00|C|||DEPOSITO  851067||
|I200|Q0E1PRJ0X9|21122022|96,02|N||
|I250|299||96,02|D|||851067: DESAGIO (TRANSIT>DEFINITIVA)||
|I250|384||96,02|C|||851067: DESAGIO (TRANSIT>DEFINITIVA)||
|I200|Q0E1PSJ0XA|21122022|4,60|N||
|I250|299||4,60|D|||851067: RECEITA 3 (TRANSIT>DEFINITIVA)||
|I250|586||4,60|C|||851067: RECEITA 3 (TRANSIT>DEFINITIVA)||
|I200|Q0E1PSJ0XB|21122022|1605,00|N||
|I250|8||1605,00|D|||DEPOSITO  002076||
|I250|69||1605,00|C|||DEPOSITO  002076||
|I200|Q0E1PSJ0XC|21122022|36,69|N||
|I250|299||36,69|D|||002076: DESAGIO (TRANSIT>DEFINITIVA)||
|I250|384||36,69|C|||002076: DESAGIO (TRANSIT>DEFINITIVA)||
|I200|Q0E1PSJ0XD|21122022|1,76|N||
|I250|299||1,76|D|||002076: RECEITA 3 (TRANSIT>DEFINITIVA)||
|I250|586||1,76|C|||002076: RECEITA 3 (TRANSIT>DEFINITIVA)||
|I200|Q0E1PSJ0XE|21122022|690,75|N||
|I250|8||690,75|D|||DEPOSITO  000246||
|I250|69||690,75|C|||DEPOSITO  000246||
|I200|Q0E1PSJ0XF|21122022|15,05|N||
|I250|299||15,05|D|||000246: DESAGIO (TRANSIT>DEFINITIVA)||
|I250|384||15,05|C|||000246: DESAGIO (TRANSIT>DEFINITIVA)||
|I200|Q0E1PSJ0XG|21122022|0,74|N||
|I250|299||0,74|D|||000246: RECEITA 3 (TRANSIT>DEFINITIVA)||
|I250|586||0,74|C|||000246: RECEITA 3 (TRANSIT>DEFINITIVA)||
|I200|Q0E1PSJ0XH|21122022|943,45|N||
|I250|8||943,45|D|||DEPOSITO  700062||
|I250|69||943,45|C|||DEPOSITO  700062||
|I200|Q0E1PSJ0XI|21122022|20,55|N||
|I250|299||20,55|D|||700062: DESAGIO (TRANSIT>DEFINITIVA)||
|I250|384||20,55|C|||700062: DESAGIO (TRANSIT>DEFINITIVA)||
|I200|Q0E1PSJ0XJ|21122022|1,01|N||
|I250|299||1,01|D|||700062: RECEITA 3 (TRANSIT>DEFINITIVA)||
|I250|586||1,01|C|||700062: RECEITA 3 (TRANSIT>DEFINITIVA)||
|I200|Q0E1PTJ0XK|21122022|6265,00|N||
|I250|8||6265,00|D|||DEPOSITO  903428||
|I250|69||6265,00|C|||DEPOSITO  903428||
|I200|Q0E1PTJ0XL|21122022|34,40|N||
|I250|299||34,40|D|||903428: DESAGIO (TRANSIT>DEFINITIVA)||
|I250|384||34,40|C|||903428: DESAGIO (TRANSIT>DEFINITIVA)||
|I200|Q0E1PTJ0XM|21122022|3,20|N||
|I250|299||3,20|D|||903428: RECEITA 3 (TRANSIT>DEFINITIVA)||
|I250|586||3,20|C|||903428: RECEITA 3 (TRANSIT>DEFINITIVA)||
|I200|Q0E1PTJ0XN|21122022|1000,00|N||
|I250|69||1000,00|D|||DEV CHQ  001010||
|I250|8||1000,00|C|||DEV CHQ  001010||
|I200|Q0E1PTJ0XO|21122022|21,79|N||
|I250|384||21,79|D|||001010: DESAGIO (DEFINITIVA>TRANSIT)||
|I250|299||21,79|C|||001010: DESAGIO (DEFINITIVA>TRANSIT)||
|I200|Q0E1PTJ0XP|21122022|1,10|N||
|I250|586||1,10|D|||001010: RECEITA 3 (DEFINITIVA>TRANSIT)||
|I250|299||1,10|C|||001010: RECEITA 3 (DEFINITIVA>TRANSIT)||
|I200|Q0E1PTJ0XQ|21122022|3,00|N||
|I250|586||3,00|D|||TARIFA PIX (X2)||
|I250|8||3,00|C|||TARIFA PIX (X2)||
|I200|Q0E1PUJ0XR|21122022|41,40|N||
|I250|586||41,40|D|||TARIFA REG COBRANCA (x23)||
|I250|8||41,40|C|||TARIFA REG COBRANCA (x23)||
|I200|Q0E1PUJ0XS|21122022|12,00|N||
|I250|586||12,00|D|||TARIFA COMAND COBR (x2)||
|I250|8||12,00|C|||TARIFA COMAND COBR (x2)||
|I200|Q0E1PUJ0XT|21122022|691732,14|N||
|I250|16||691732,14|D|||COMPROMISSADA  LFT||
|I250|12||691732,14|C|||COMPROMISSADA  LFT||
|I200|Q0E1PUJ0XW|21122022|10,53|N||
|I250|292||10,53|D|||CORRECAO SALDO DEVEDOR||
|I250|417||10,53|C|||CORRECAO SALDO DEVEDOR||
|I200|Q0E1PUJ0XX|21122022|5,01|N||
|I250|280||5,01|D|||CORRECAO SALDO DEVEDOR||
|I250|417||5,01|C|||CORRECAO SALDO DEVEDOR||
|I200|Q0E1PUJ0XY|21122022|1,43|N||
|I250|271||1,43|D|||CORRECAO SALDO DEVEDOR||
|I250|417||1,43|C|||CORRECAO SALDO DEVEDOR||
|I200|Q0E1WIJ0D1|21122022|17648,47|N||
|I250|684||17648,47|D|1529||*TP:21122022CNABBRADESCO 2805||
|I250|417||249,31|C|1529||CNAB DUP   (MORA)||
|I250|69||7810,30|C|1529||CNAB DUP  (RESIDUAL)||
|I250|53||9588,86|C|1529||CNAB DUP  (RESIDUAL)||
|I200|Q0E1WKJ0D2|21122022|300000,00|N||
|I250|7||300000,00|D|1530||TRANSF XP>Santander||
|I250|12||300000,00|C|1530||TRANSF XP>Santander||
|I200|QMBKTTF71|21122022|300000,00|N||
|I250|362||300000,00|D||00016|PAGTO DE ANTECIPA  O DE LUCRO||
|I250|7||300000,00|C||00016|PAGTO DE ANTECIPA  O DE LUCRO||
|I200|Q0E1PVJ0Y7|22122022|17648,47|N||
|I250|8||17648,47|D|1529||*TF:21122022CNABBRADESCO 2805||
|I250|684||17648,47|C|1529||*TF:21122022CNABBRADESCO 2805||
|I200|Q0E1PVJ0Y9|22122022|172,94|N||
|I250|299||172,94|D|1533||295111: DESAGIO (TRANSIT>DEFINITIVA)||
|I250|384||172,94|C|1533||295111: DESAGIO (TRANSIT>DEFINITIVA)||
|I200|Q0E1PVJ0YA|22122022|2,55|N||
|I250|299||2,55|D|1533||295111: RECEITA 3 (TRANSIT>DEFINITIVA)||
|I250|586||2,55|C|1533||295111: RECEITA 3 (TRANSIT>DEFINITIVA)||
|I200|Q0E1PVJ0YC|22122022|77,50|N||
|I250|299||77,50|D|1533||297152: DESAGIO (TRANSIT>DEFINITIVA)||
|I250|384||77,50|C|1533||297152: DESAGIO (TRANSIT>DEFINITIVA)||
|I200|Q0E1PVJ0YD|22122022|2,30|N||
|I250|299||2,30|D|1533||297152: RECEITA 3 (TRANSIT>DEFINITIVA)||
|I250|586||2,30|C|1533||297152: RECEITA 3 (TRANSIT>DEFINITIVA)||
|I200|Q0E1PWJ0YF|22122022|8667,60|N||
|I250|8||8667,60|D|||DEPOSITO  000211||
|I250|69||8667,60|C|||DEPOSITO  000211||
|I200|Q0E1PWJ0YG|22122022|281,70|N||
|I250|299||281,70|D|||000211: DESAGIO (TRANSIT>DEFINITIVA)||
|I250|384||281,70|C|||000211: DESAGIO (TRANSIT>DEFINITIVA)||
|I200|Q0E1PWJ0YH|22122022|5,43|N||
|I250|299||5,43|D|||000211: RECEITA 3 (TRANSIT>DEFINITIVA)||
|I250|586||5,43|C|||000211: RECEITA 3 (TRANSIT>DEFINITIVA)||
|I200|Q0E1PWJ0YI|22122022|5460,00|N||
|I250|8||5460,00|D|||DEPOSITO  000257||
|I250|69||5460,00|C|||DEPOSITO  000257||
|I200|Q0E1PWJ0YJ|22122022|124,83|N||
|I250|299||124,83|D|||000257: DESAGIO (TRANSIT>DEFINITIVA)||
|I250|384||124,83|C|||000257: DESAGIO (TRANSIT>DEFINITIVA)||
|I200|Q0E1PWJ0YK|22122022|5,87|N||
|I250|299||5,87|D|||000257: RECEITA 3 (TRANSIT>DEFINITIVA)||
|I250|586||5,87|C|||000257: RECEITA 3 (TRANSIT>DEFINITIVA)||
|I200|Q0E1PWJ0YL|22122022|676,05|N||
|I250|8||676,05|D|||DEPOSITO  000270||
|I250|69||676,05|C|||DEPOSITO  000270||
|I200|Q0E1PWJ0YM|22122022|11,08|N||
|I250|299||11,08|D|||000270: DESAGIO (TRANSIT>DEFINITIVA)||
|I250|384||11,08|C|||000270: DESAGIO (TRANSIT>DEFINITIVA)||
|I200|Q0E1PWJ0YN|22122022|0,95|N||
|I250|299||0,95|D|||000270: RECEITA 3 (TRANSIT>DEFINITIVA)||
|I250|586||0,95|C|||000270: RECEITA 3 (TRANSIT>DEFINITIVA)||
|I200|Q0E1PWJ0YO|22122022|2520,63|N||
|I250|69||2520,63|D|||DEV CHQ  000039||
|I250|8||2520,63|C|||DEV CHQ  000039||
|I200|Q0E1PXJ0YP|22122022|95,57|N||
|I250|384||95,57|D|||000039: DESAGIO (DEFINITIVA>TRANSIT)||
|I250|299||95,57|C|||000039: DESAGIO (DEFINITIVA>TRANSIT)||
|I200|Q0E1PXJ0YQ|22122022|2,70|N||
|I250|586||2,70|D|||000039: RECEITA 3 (DEFINITIVA>TRANSIT)||
|I250|299||2,70|C|||000039: RECEITA 3 (DEFINITIVA>TRANSIT)||
|I200|Q0E1PXJ0YR|22122022|1605,00|N||
|I250|69||1605,00|D|||DEV CHQ  002076||
|I250|8||1605,00|C|||DEV CHQ  002076||
|I200|Q0E1PXJ0YS|22122022|36,69|N||
|I250|384||36,69|D|||002076: DESAGIO (DEFINITIVA>TRANSIT)||
|I250|299||36,69|C|||002076: DESAGIO (DEFINITIVA>TRANSIT)||
|I200|Q0E1PXJ0YT|22122022|1,76|N||
|I250|586||1,76|D|||002076: RECEITA 3 (DEFINITIVA>TRANSIT)||
|I250|299||1,76|C|||002076: RECEITA 3 (DEFINITIVA>TRANSIT)||
|I200|Q0E1PXJ0YU|22122022|6,00|N||
|I250|586||6,00|D|||TARIFA PIX (4X)||
|I250|8||6,00|C|||TARIFA PIX (4X)||
|I200|Q0E1PXJ0YV|22122022|9000,00|N||
|I250|281||9000,00|D|||adiantamento||
|I250|8||9000,00|C|||adiantamento||
|I200|Q0E1PXJ0YZ|22122022|832,50|N||
|I250|299||832,50|D|1534||126: DESAGIO (TRANSIT>DEFINITIVA)||
|I250|384||832,50|C|1534||126: DESAGIO (TRANSIT>DEFINITIVA)||
|I200|Q0E1PYJ0Z0|22122022|0,08|N||
|I250|299||0,08|D|1534||126: RECEITA 3 (TRANSIT>DEFINITIVA)||
|I250|586||0,08|C|1534||126: RECEITA 3 (TRANSIT>DEFINITIVA)||
|I200|Q0E1PYJ0Z4|22122022|26,20|N||
|I250|299||26,20|D|1535||022690002: DESAGIO (TRANSIT>DEFINITIVA||
|I250|384||26,20|C|1535||022690002: DESAGIO (TRANSIT>DEFINITIVA||
|I200|Q0E1PYJ0Z5|22122022|1,26|N||
|I250|299||1,26|D|1535||022690002: RECEITA 3 (TRANSIT>DEFINITI||
|I250|586||1,26|C|1535||022690002: RECEITA 3 (TRANSIT>DEFINITI||
|I200|Q0E1PYJ0Z8|22122022|31,49|N||
|I250|299||31,49|D|1535||022674002: DESAGIO (TRANSIT>DEFINITIVA||
|I250|384||31,49|C|1535||022674002: DESAGIO (TRANSIT>DEFINITIVA||
|I200|Q0E1PZJ0Z9|22122022|1,54|N||
|I250|299||1,54|D|1535||022674002: RECEITA 3 (TRANSIT>DEFINITI||
|I250|586||1,54|C|1535||022674002: RECEITA 3 (TRANSIT>DEFINITI||
|I200|Q0E1PZJ0ZC|22122022|30,26|N||
|I250|299||30,26|D|1535||022670002: DESAGIO (TRANSIT>DEFINITIVA||
|I250|384||30,26|C|1535||022670002: DESAGIO (TRANSIT>DEFINITIVA||
|I200|Q0E1PZJ0ZD|22122022|1,54|N||
|I250|299||1,54|D|1535||022670002: RECEITA 3 (TRANSIT>DEFINITI||
|I250|586||1,54|C|1535||022670002: RECEITA 3 (TRANSIT>DEFINITI||
|I200|Q0E1PZJ0ZG|22122022|63,62|N||
|I250|299||63,62|D|1535||022669002: DESAGIO (TRANSIT>DEFINITIVA||
|I250|384||63,62|C|1535||022669002: DESAGIO (TRANSIT>DEFINITIVA||
|I200|Q0E1PZJ0ZH|22122022|3,24|N||
|I250|299||3,24|D|1535||022669002: RECEITA 3 (TRANSIT>DEFINITI||
|I250|586||3,24|C|1535||022669002: RECEITA 3 (TRANSIT>DEFINITI||
|I200|Q0E1Q0J0ZI|22122022|10,56|N||
|I250|292||10,56|D|||CORRECAO SALDO DEVEDOR||
|I250|417||10,56|C|||CORRECAO SALDO DEVEDOR||
|I200|Q0E1Q0J0ZJ|22122022|5,02|N||
|I250|280||5,02|D|||CORRECAO SALDO DEVEDOR||
|I250|417||5,02|C|||CORRECAO SALDO DEVEDOR||
|I200|Q0E1Q0J0ZK|22122022|4,90|N||
|I250|270||4,90|D|||DUP No 022690002||
|I250|586||4,90|C|||DUP No 022690002||
|I200|Q0E1Q0J0ZL|22122022|4,90|N||
|I250|270||4,90|D|||DUP No 022674002||
|I250|586||4,90|C|||DUP No 022674002||
|I200|Q0E1Q0J0ZM|22122022|4,90|N||
|I250|270||4,90|D|||DUP No 022670002||
|I250|586||4,90|C|||DUP No 022670002||
|I200|Q0E1Q0J0ZN|22122022|4,90|N||
|I250|270||4,90|D|||DUP No 022669002||
|I250|586||4,90|C|||DUP No 022669002||
|I200|Q0E1Q0J0ZO|22122022|1,44|N||
|I250|271||1,44|D|||CORRECAO SALDO DEVEDOR||
|I250|417||1,44|C|||CORRECAO SALDO DEVEDOR||
|I200|Q0E1WKJ0D3|22122022|9015,48|N||
|I250|69||9015,48|D|1531||DUPLICATAS BORDERO No219||
|I250|299||10,50|C|1531||DESP BANC BORD No219||
|I250|299||289,28|C|1531||DESP FACTORING BORD No219||
|I250|281||8715,70|C|1531||LAQUA  BORD: 2192022||
|I200|Q0E1WKJ0D4|22122022|35000,00|N||
|I250|52||35000,00|D|1532||DUPLICATAS BORDERO No18||
|I250|299||3,30|C|1532||DESP BANC BORD No18||
|I250|299||1306,67|C|1532||DESP FACTORING BORD No18||
|I250|8||33690,03|C|1532||LIBBORDNo 18 TED||
|I200|Q0E1WKJ0D5|22122022|8739,12|N||
|I250|684||8739,12|D|1533||*TP:22122022CNABBRADESCO 2805||
|I250|69||3237,47|C|1533||CNAB DUP  (RESIDUAL)||
|I250|69||5501,65|C|1533||CNAB DUP  (RESIDUAL)||
|I200|Q0E1WPJ0D6|22122022|10389,18|N||
|I250|8||10389,18|D|1534||RCn:1  :CEDENTE>FACTORING||
|I250|417||409,18|C|1534||RCn:1  :126>MORA||
|I250|54||9980,00|C|1534||RCn:1  :DP  126>RES||
|I200|Q0E1X0J0D7|22122022|3220,18|N||
|I250|8||3220,18|D|1535||RCn:2  :CEDENTE>FACTORING||
|I250|417||99,35|C|1535||RCn:2  :022690002>MORA||
|I250|417||124,91|C|1535||RCn:2  :022674002>MORA||
|I250|417||126,50|C|1535||RCn:2  :022670002>MORA||
|I250|417||265,99|C|1535||RCn:2  :022669002>MORA||
|I250|45||431,95|C|1535||RCn:2  :DP  022690002>RES||
|I250|45||529,27|C|1535||RCn:2  :DP  022670002>RES||
|I250|45||529,27|C|1535||RCn:2  :DP  022674002>RES||
|I250|45||1112,94|C|1535||RCn:2  :DP  022669002>RES||
|I200|Q0E1Q0J0ZT|23122022|8739,12|N||
|I250|8||8739,12|D|1533||*TF:22122022CNABBRADESCO 2805||
|I250|684||8739,12|C|1533||*TF:22122022CNABBRADESCO 2805||
|I200|Q0E1Q1J01|23122022|20,78|N||
|I250|299||20,78|D|||000059: DESAGIO (TRANSIT>DEFINITIVA)||
|I250|384||20,78|C|||000059: DESAGIO (TRANSIT>DEFINITIVA)||
|I200|Q0E1Q1J02|23122022|0,92|N||
|I250|299||0,92|D|||000059: RECEITA 3 (TRANSIT>DEFINITIVA)||
|I250|586||0,92|C|||000059: RECEITA 3 (TRANSIT>DEFINITIVA)||
|I200|Q0E1Q1J03|23122022|6265,00|N||
|I250|8||6265,00|D|||DEPOSITO  903427||
|I250|69||6265,00|C|||DEPOSITO  903427||
|I200|Q0E1Q1J0ZV|23122022|252,67|N||
|I250|299||252,67|D|1537||292932: DESAGIO (TRANSIT>DEFINITIVA)||
|I250|384||252,67|C|1537||292932: DESAGIO (TRANSIT>DEFINITIVA)||
|I200|Q0E1Q1J0ZW|23122022|2,04|N||
|I250|299||2,04|D|1537||292932: RECEITA 3 (TRANSIT>DEFINITIVA)||
|I250|586||2,04|C|1537||292932: RECEITA 3 (TRANSIT>DEFINITIVA)||
|I200|Q0E1Q1J0ZY|23122022|736,00|N||
|I250|8||736,00|D|||DEPOSITO  000059||
|I250|69||736,00|C|||DEPOSITO  000059||
|I200|Q0E1Q2J04|23122022|82,25|N||
|I250|299||82,25|D|||903427: DESAGIO (TRANSIT>DEFINITIVA)||
|I250|384||82,25|C|||903427: DESAGIO (TRANSIT>DEFINITIVA)||
|I200|Q0E1Q2J05|23122022|3,20|N||
|I250|299||3,20|D|||903427: RECEITA 3 (TRANSIT>DEFINITIVA)||
|I250|586||3,20|C|||903427: RECEITA 3 (TRANSIT>DEFINITIVA)||
|I200|Q0E1Q2J06|23122022|676,05|N||
|I250|69||676,05|D|||DEV CHQ  000270||
|I250|8||676,05|C|||DEV CHQ  000270||
|I200|Q0E1Q2J07|23122022|11,08|N||
|I250|384||11,08|D|||000270: DESAGIO (DEFINITIVA>TRANSIT)||
|I250|299||11,08|C|||000270: DESAGIO (DEFINITIVA>TRANSIT)||
|I200|Q0E1Q2J08|23122022|0,95|N||
|I250|586||0,95|D|||000270: RECEITA 3 (DEFINITIVA>TRANSIT)||
|I250|299||0,95|C|||000270: RECEITA 3 (DEFINITIVA>TRANSIT)||
|I200|Q0E1Q2J09|23122022|22923,59|N||
|I250|215||22923,59|D|||COFINS||
|I250|8||22923,59|C|||COFINS||
|I200|Q0E1Q2J0A|23122022|4966,78|N||
|I250|213||4966,78|D|||PIS||
|I250|8||4966,78|C|||PIS||
|I200|Q0E1Q2J0B|23122022|10,59|N||
|I250|292||10,59|D|||CORRECAO SALDO DEVEDOR||
|I250|417||10,59|C|||CORRECAO SALDO DEVEDOR||
|I200|Q0E1Q2J0C|23122022|5,04|N||
|I250|280||5,04|D|||CORRECAO SALDO DEVEDOR||
|I250|417||5,04|C|||CORRECAO SALDO DEVEDOR||
|I200|Q0E1Q2J0D|23122022|1,44|N||
|I250|271||1,44|D|||CORRECAO SALDO DEVEDOR||
|I250|417||1,44|C|||CORRECAO SALDO DEVEDOR||
|I200|Q0E1Q2J0E|23122022|0,85|N||
|I250|281||0,85|D|||CORRECAO SALDO DEVEDOR||
|I250|417||0,85|C|||CORRECAO SALDO DEVEDOR||
|I200|Q0E1X0J0D8|23122022|30010,00|N||
|I250|68||30010,00|D|1536||DUPLICATAS BORDERO No21||
|I250|299||3,30|C|1536||DESP BANC BORD No21||
|I250|299||880,29|C|1536||DESP FACTORING BORD No21||
|I250|8||29126,41|C|1536||LIBBORDNo 21 TED||
|I200|Q0E1X0J0D9|23122022|6137,68|N||
|I250|684||6137,68|D|1537||*TP:23122022CNABBRADESCO 2805||
|I250|69||6137,68|C|1537||CNAB DUP  (RESIDUAL)||
|I200|Q0E1Q3J0L|26122022|21,79|N||
|I250|299||21,79|D|1538||001010: DESAGIO (TRANSIT>DEFINITIVA)||
|I250|384||21,79|C|1538||001010: DESAGIO (TRANSIT>DEFINITIVA)||
|I200|Q0E1Q3J0M|26122022|1,10|N||
|I250|299||1,10|D|1538||001010: RECEITA 3 (TRANSIT>DEFINITIVA)||
|I250|586||1,10|C|1538||001010: RECEITA 3 (TRANSIT>DEFINITIVA)||
|I200|Q0E1Q3J0P|26122022|31,03|N||
|I250|299||31,03|D|1538||299031: DESAGIO (TRANSIT>DEFINITIVA)||
|I250|384||31,03|C|1538||299031: DESAGIO (TRANSIT>DEFINITIVA)||
|I200|Q0E1Q4J0Q|26122022|2,96|N||
|I250|299||2,96|D|1538||299031: RECEITA 3 (TRANSIT>DEFINITIVA)||
|I250|586||2,96|C|1538||299031: RECEITA 3 (TRANSIT>DEFINITIVA)||
|I200|Q0E1Q4J0S|26122022|11,08|N||
|I250|299||11,08|D|1538||000270: DESAGIO (TRANSIT>DEFINITIVA)||
|I250|384||11,08|C|1538||000270: DESAGIO (TRANSIT>DEFINITIVA)||
|I200|Q0E1Q4J0T|26122022|0,95|N||
|I250|299||0,95|D|1538||000270: RECEITA 3 (TRANSIT>DEFINITIVA)||
|I250|586||0,95|C|1538||000270: RECEITA 3 (TRANSIT>DEFINITIVA)||
|I200|Q0E1Q4J0U|26122022|6137,68|N||
|I250|8||6137,68|D|1537||*TF:23122022CNABBRADESCO 2805||
|I250|684||6137,68|C|1537||*TF:23122022CNABBRADESCO 2805||
|I200|Q0E1Q4J0W|26122022|244,44|N||
|I250|299||244,44|D|1539||998NF1001: DESAGIO (TRANSIT>DEFINITIVA||
|I250|384||244,44|C|1539||998NF1001: DESAGIO (TRANSIT>DEFINITIVA||
|I200|Q0E1Q4J0X|26122022|2,30|N||
|I250|299||2,30|D|1539||998NF1001: RECEITA 3 (TRANSIT>DEFINITI||
|I250|586||2,30|C|1539||998NF1001: RECEITA 3 (TRANSIT>DEFINITI||
|I200|Q0E1Q5J010|26122022|2,30|N||
|I250|299||2,30|D|1539||998NF1002: RECEITA 3 (TRANSIT>DEFINITI||
|I250|586||2,30|C|1539||998NF1002: RECEITA 3 (TRANSIT>DEFINITI||
|I200|Q0E1Q5J012|26122022|244,44|N||
|I250|299||244,44|D|1539||998NF1003: DESAGIO (TRANSIT>DEFINITIVA||
|I250|384||244,44|C|1539||998NF1003: DESAGIO (TRANSIT>DEFINITIVA||
|I200|Q0E1Q5J013|26122022|2,30|N||
|I250|299||2,30|D|1539||998NF1003: RECEITA 3 (TRANSIT>DEFINITI||
|I250|586||2,30|C|1539||998NF1003: RECEITA 3 (TRANSIT>DEFINITI||
|I200|Q0E1Q5J015|26122022|137,81|N||
|I250|299||137,81|D|1539||055175001: DESAGIO (TRANSIT>DEFINITIVA||
|I250|384||137,81|C|1539||055175001: DESAGIO (TRANSIT>DEFINITIVA||
|I200|Q0E1Q5J016|26122022|1,89|N||
|I250|299||1,89|D|1539||055175001: RECEITA 3 (TRANSIT>DEFINITI||
|I250|586||1,89|C|1539||055175001: RECEITA 3 (TRANSIT>DEFINITI||
|I200|Q0E1Q5J018|26122022|141,61|N||
|I250|299||141,61|D|1539||055177001: DESAGIO (TRANSIT>DEFINITIVA||
|I250|384||141,61|C|1539||055177001: DESAGIO (TRANSIT>DEFINITIVA||
|I200|Q0E1Q5J019|26122022|1,94|N||
|I250|299||1,94|D|1539||055177001: RECEITA 3 (TRANSIT>DEFINITI||
|I250|586||1,94|C|1539||055177001: RECEITA 3 (TRANSIT>DEFINITI||
|I200|Q0E1Q5J0Z|26122022|244,44|N||
|I250|299||244,44|D|1539||998NF1002: DESAGIO (TRANSIT>DEFINITIVA||
|I250|384||244,44|C|1539||998NF1002: DESAGIO (TRANSIT>DEFINITIVA||
|I200|Q0E1Q6J01B|26122022|136,46|N||
|I250|299||136,46|D|1539||055178001: DESAGIO (TRANSIT>DEFINITIVA||
|I250|384||136,46|C|1539||055178001: DESAGIO (TRANSIT>DEFINITIVA||
|I200|Q0E1Q6J01C|26122022|1,87|N||
|I250|299||1,87|D|1539||055178001: RECEITA 3 (TRANSIT>DEFINITI||
|I250|586||1,87|C|1539||055178001: RECEITA 3 (TRANSIT>DEFINITI||
|I200|Q0E1Q6J01E|26122022|129,03|N||
|I250|299||129,03|D|1539||055161001: DESAGIO (TRANSIT>DEFINITIVA||
|I250|384||129,03|C|1539||055161001: DESAGIO (TRANSIT>DEFINITIVA||
|I200|Q0E1Q6J01F|26122022|1,77|N||
|I250|299||1,77|D|1539||055161001: RECEITA 3 (TRANSIT>DEFINITI||
|I250|586||1,77|C|1539||055161001: RECEITA 3 (TRANSIT>DEFINITI||
|I200|Q0E1Q6J01H|26122022|125,10|N||
|I250|299||125,10|D|1539||055164001: DESAGIO (TRANSIT>DEFINITIVA||
|I250|384||125,10|C|1539||055164001: DESAGIO (TRANSIT>DEFINITIVA||
|I200|Q0E1Q6J01I|26122022|1,71|N||
|I250|299||1,71|D|1539||055164001: RECEITA 3 (TRANSIT>DEFINITI||
|I250|586||1,71|C|1539||055164001: RECEITA 3 (TRANSIT>DEFINITI||
|I200|Q0E1Q7J01K|26122022|109,06|N||
|I250|299||109,06|D|1539||055165001: DESAGIO (TRANSIT>DEFINITIVA||
|I250|384||109,06|C|1539||055165001: DESAGIO (TRANSIT>DEFINITIVA||
|I200|Q0E1Q7J01L|26122022|1,49|N||
|I250|299||1,49|D|1539||055165001: RECEITA 3 (TRANSIT>DEFINITI||
|I250|586||1,49|C|1539||055165001: RECEITA 3 (TRANSIT>DEFINITI||
|I200|Q0E1Q7J01N|26122022|142,03|N||
|I250|299||142,03|D|1539||055166001: DESAGIO (TRANSIT>DEFINITIVA||
|I250|384||142,03|C|1539||055166001: DESAGIO (TRANSIT>DEFINITIVA||
|I200|Q0E1Q7J01O|26122022|1,94|N||
|I250|299||1,94|D|1539||055166001: RECEITA 3 (TRANSIT>DEFINITI||
|I250|586||1,94|C|1539||055166001: RECEITA 3 (TRANSIT>DEFINITI||
|I200|Q0E1Q7J01Q|26122022|147,62|N||
|I250|299||147,62|D|1539||055167001: DESAGIO (TRANSIT>DEFINITIVA||
|I250|384||147,62|C|1539||055167001: DESAGIO (TRANSIT>DEFINITIVA||
|I200|Q0E1Q7J01R|26122022|2,02|N||
|I250|299||2,02|D|1539||055167001: RECEITA 3 (TRANSIT>DEFINITI||
|I250|586||2,02|C|1539||055167001: RECEITA 3 (TRANSIT>DEFINITI||
|I200|Q0E1Q7J01T|26122022|129,38|N||
|I250|299||129,38|D|1539||055169001: DESAGIO (TRANSIT>DEFINITIVA||
|I250|384||129,38|C|1539||055169001: DESAGIO (TRANSIT>DEFINITIVA||
|I200|Q0E1Q8J01U|26122022|1,77|N||
|I250|299||1,77|D|1539||055169001: RECEITA 3 (TRANSIT>DEFINITI||
|I250|586||1,77|C|1539||055169001: RECEITA 3 (TRANSIT>DEFINITI||
|I200|Q0E1Q8J01W|26122022|138,18|N||
|I250|299||138,18|D|1539||055170001: DESAGIO (TRANSIT>DEFINITIVA||
|I250|384||138,18|C|1539||055170001: DESAGIO (TRANSIT>DEFINITIVA||
|I200|Q0E1Q8J01X|26122022|1,89|N||
|I250|299||1,89|D|1539||055170001: RECEITA 3 (TRANSIT>DEFINITI||
|I250|586||1,89|C|1539||055170001: RECEITA 3 (TRANSIT>DEFINITI||
|I200|Q0E1Q8J01Z|26122022|143,53|N||
|I250|299||143,53|D|1539||055171001: DESAGIO (TRANSIT>DEFINITIVA||
|I250|384||143,53|C|1539||055171001: DESAGIO (TRANSIT>DEFINITIVA||
|I200|Q0E1Q8J020|26122022|1,97|N||
|I250|299||1,97|D|1539||055171001: RECEITA 3 (TRANSIT>DEFINITI||
|I250|586||1,97|C|1539||055171001: RECEITA 3 (TRANSIT>DEFINITI||
|I200|Q0E1Q8J022|26122022|134,54|N||
|I250|299||134,54|D|1539||055172001: DESAGIO (TRANSIT>DEFINITIVA||
|I250|384||134,54|C|1539||055172001: DESAGIO (TRANSIT>DEFINITIVA||
|I200|Q0E1Q8J023|26122022|1,84|N||
|I250|299||1,84|D|1539||055172001: RECEITA 3 (TRANSIT>DEFINITI||
|I250|586||1,84|C|1539||055172001: RECEITA 3 (TRANSIT>DEFINITI||
|I200|Q0E1Q9J025|26122022|120,58|N||
|I250|299||120,58|D|1539||055174001: DESAGIO (TRANSIT>DEFINITIVA||
|I250|384||120,58|C|1539||055174001: DESAGIO (TRANSIT>DEFINITIVA||
|I200|Q0E1Q9J026|26122022|1,65|N||
|I250|299||1,65|D|1539||055174001: RECEITA 3 (TRANSIT>DEFINITI||
|I250|586||1,65|C|1539||055174001: RECEITA 3 (TRANSIT>DEFINITI||
|I200|Q0E1Q9J028|26122022|85,85|N||
|I250|299||85,85|D|1539||292052: DESAGIO (TRANSIT>DEFINITIVA)||
|I250|384||85,85|C|1539||292052: DESAGIO (TRANSIT>DEFINITIVA)||
|I200|Q0E1Q9J029|26122022|2,00|N||
|I250|299||2,00|D|1539||292052: RECEITA 3 (TRANSIT>DEFINITIVA)||
|I250|586||2,00|C|1539||292052: RECEITA 3 (TRANSIT>DEFINITIVA)||
|I200|Q0E1Q9J02B|26122022|101,11|N||
|I250|299||101,11|D|1539||292072: DESAGIO (TRANSIT>DEFINITIVA)||
|I250|384||101,11|C|1539||292072: DESAGIO (TRANSIT>DEFINITIVA)||
|I200|Q0E1Q9J02C|26122022|2,35|N||
|I250|299||2,35|D|1539||292072: RECEITA 3 (TRANSIT>DEFINITIVA)||
|I250|586||2,35|C|1539||292072: RECEITA 3 (TRANSIT>DEFINITIVA)||
|I200|Q0E1Q9J02E|26122022|426,38|N||
|I250|299||426,38|D|1539||295601: DESAGIO (TRANSIT>DEFINITIVA)||
|I250|384||426,38|C|1539||295601: DESAGIO (TRANSIT>DEFINITIVA)||
|I200|Q0E1QAJ02F|26122022|2,55|N||
|I250|299||2,55|D|1539||295601: RECEITA 3 (TRANSIT>DEFINITIVA)||
|I250|586||2,55|C|1539||295601: RECEITA 3 (TRANSIT>DEFINITIVA)||
|I200|Q0E1QAJ02H|26122022|2520,63|N||
|I250|8||2520,63|D|||DEPOSITO  000038||
|I250|69||2520,63|C|||DEPOSITO  000038||
|I200|Q0E1QAJ02I|26122022|109,23|N||
|I250|299||109,23|D|||000038: DESAGIO (TRANSIT>DEFINITIVA)||
|I250|384||109,23|C|||000038: DESAGIO (TRANSIT>DEFINITIVA)||
|I200|Q0E1QAJ02J|26122022|2,70|N||
|I250|299||2,70|D|||000038: RECEITA 3 (TRANSIT>DEFINITIVA)||
|I250|586||2,70|C|||000038: RECEITA 3 (TRANSIT>DEFINITIVA)||
|I200|Q0E1QAJ02K|26122022|3637,60|N||
|I250|8||3637,60|D|||DEPOSITO  000221||
|I250|69||3637,60|C|||DEPOSITO  000221||
|I200|Q0E1QAJ02L|26122022|141,87|N||
|I250|299||141,87|D|||000221: DESAGIO (TRANSIT>DEFINITIVA)||
|I250|384||141,87|C|||000221: DESAGIO (TRANSIT>DEFINITIVA)||
|I200|Q0E1QAJ02M|26122022|3,10|N||
|I250|299||3,10|D|||000221: RECEITA 3 (TRANSIT>DEFINITIVA)||
|I250|586||3,10|C|||000221: RECEITA 3 (TRANSIT>DEFINITIVA)||
|I200|Q0E1QAJ02N|26122022|4438,58|N||
|I250|8||4438,58|D|||DEPOSITO  850293||
|I250|69||4438,58|C|||DEPOSITO  850293||
|I200|Q0E1QBJ02O|26122022|163,49|N||
|I250|299||163,49|D|||850293: DESAGIO (TRANSIT>DEFINITIVA)||
|I250|384||163,49|C|||850293: DESAGIO (TRANSIT>DEFINITIVA)||
|I200|Q0E1QBJ02P|26122022|2,78|N||
|I250|299||2,78|D|||850293: RECEITA 3 (TRANSIT>DEFINITIVA)||
|I250|586||2,78|C|||850293: RECEITA 3 (TRANSIT>DEFINITIVA)||
|I200|Q0E1QBJ02Q|26122022|498,50|N||
|I250|8||498,50|D|||DEPOSITO  000059||
|I250|69||498,50|C|||DEPOSITO  000059||
|I200|Q0E1QBJ02R|26122022|18,36|N||
|I250|299||18,36|D|||000059: DESAGIO (TRANSIT>DEFINITIVA)||
|I250|384||18,36|C|||000059: DESAGIO (TRANSIT>DEFINITIVA)||
|I200|Q0E1QBJ02S|26122022|0,31|N||
|I250|299||0,31|D|||000059: RECEITA 3 (TRANSIT>DEFINITIVA)||
|I250|586||0,31|C|||000059: RECEITA 3 (TRANSIT>DEFINITIVA)||
|I200|Q0E1QBJ02T|26122022|3800,00|N||
|I250|8||3800,00|D|||DEPOSITO  002592||
|I250|69||3800,00|C|||DEPOSITO  002592||
|I200|Q0E1QBJ02U|26122022|107,27|N||
|I250|299||107,27|D|||002592: DESAGIO (TRANSIT>DEFINITIVA)||
|I250|384||107,27|C|||002592: DESAGIO (TRANSIT>DEFINITIVA)||
|I200|Q0E1QBJ02V|26122022|4,16|N||
|I250|299||4,16|D|||002592: RECEITA 3 (TRANSIT>DEFINITIVA)||
|I250|586||4,16|C|||002592: RECEITA 3 (TRANSIT>DEFINITIVA)||
|I200|Q0E1QBJ02W|26122022|2710,00|N||
|I250|8||2710,00|D|||DEPOSITO  000145||
|I250|69||2710,00|C|||DEPOSITO  000145||
|I200|Q0E1QBJ02X|26122022|76,50|N||
|I250|299||76,50|D|||000145: DESAGIO (TRANSIT>DEFINITIVA)||
|I250|384||76,50|C|||000145: DESAGIO (TRANSIT>DEFINITIVA)||
|I200|Q0E1QCJ02Y|26122022|2,97|N||
|I250|299||2,97|D|||000145: RECEITA 3 (TRANSIT>DEFINITIVA)||
|I250|586||2,97|C|||000145: RECEITA 3 (TRANSIT>DEFINITIVA)||
|I200|Q0E1QCJ02Z|26122022|2520,63|N||
|I250|8||2520,63|D|1540||REDEPOSITO CHQ 000039||
|I250|69||2520,63|C|1540||REDEPOSITO CHQ 000039||
|I200|Q0E1QCJ030|26122022|95,57|N||
|I250|299||95,57|D|1540||000039: DESAGIO (TRANSIT>DEFINITIVA)||
|I250|384||95,57|C|1540||000039: DESAGIO (TRANSIT>DEFINITIVA)||
|I200|Q0E1QCJ031|26122022|2,70|N||
|I250|299||2,70|D|1540||000039: RECEITA 3 (TRANSIT>DEFINITIVA)||
|I250|586||2,70|C|1540||000039: RECEITA 3 (TRANSIT>DEFINITIVA)||
|I200|Q0E1QCJ032|26122022|1605,00|N||
|I250|8||1605,00|D|1541||REDEPOSITO CHQ 002076||
|I250|69||1605,00|C|1541||REDEPOSITO CHQ 002076||
|I200|Q0E1QCJ033|26122022|36,69|N||
|I250|299||36,69|D|1541||002076: DESAGIO (TRANSIT>DEFINITIVA)||
|I250|384||36,69|C|1541||002076: DESAGIO (TRANSIT>DEFINITIVA)||
|I200|Q0E1QCJ034|26122022|1,76|N||
|I250|299||1,76|D|1541||002076: RECEITA 3 (TRANSIT>DEFINITIVA)||
|I250|586||1,76|C|1541||002076: RECEITA 3 (TRANSIT>DEFINITIVA)||
|I200|Q0E1QCJ035|26122022|10,80|N||
|I250|586||10,80|D|||TARIFA REG COBRANCA (x6)||
|I250|8||10,80|C|||TARIFA REG COBRANCA (x6)||
|I200|Q0E1QCJ036|26122022|3,00|N||
|I250|586||3,00|D|||TARIFA PIX (X2)||
|I250|8||3,00|C|||TARIFA PIX (X2)||
|I200|Q0E1QDJ039|26122022|245,76|N||
|I250|299||245,76|D|1542||000741: DESAGIO (TRANSIT>DEFINITIVA)||
|I250|384||245,76|C|1542||000741: DESAGIO (TRANSIT>DEFINITIVA)||
|I200|Q0E1QDJ03A|26122022|5,95|N||
|I250|299||5,95|D|1542||000741: RECEITA 3 (TRANSIT>DEFINITIVA)||
|I250|586||5,95|C|1542||000741: RECEITA 3 (TRANSIT>DEFINITIVA)||
|I200|Q0E1QDJ03C|26122022|31,88|N||
|I250|292||31,88|D|||CORRECAO SALDO DEVEDOR||
|I250|417||31,88|C|||CORRECAO SALDO DEVEDOR||
|I200|Q0E1QDJ03D|26122022|15,15|N||
|I250|280||15,15|D|||CORRECAO SALDO DEVEDOR||
|I250|417||15,15|C|||CORRECAO SALDO DEVEDOR||
|I200|Q0E1QDJ03E|26122022|4,90|N||
|I250|281||4,90|D|||DUP No||
|I250|586||4,90|C|||DUP No||
|I200|Q0E1QDJ03F|26122022|4,90|N||
|I250|281||4,90|D|||DUP No 299031||
|I250|586||4,90|C|||DUP No 299031||
|I200|Q0E1QEJ03G|26122022|4,90|N||
|I250|281||4,90|D|||DUP No||
|I250|586||4,90|C|||DUP No||
|I200|Q0E1QEJ03H|26122022|4,34|N||
|I250|271||4,34|D|||CORRECAO SALDO DEVEDOR||
|I250|417||4,34|C|||CORRECAO SALDO DEVEDOR||
|I200|Q0E1QEJ03I|26122022|2,57|N||
|I250|281||2,57|D|||CORRECAO SALDO DEVEDOR||
|I250|417||2,57|C|||CORRECAO SALDO DEVEDOR||
|I200|Q0E1X1J0DA|26122022|32820,32|N||
|I250|69||32820,32|D|1538||DUPLICATAS BORDERO No220||
|I250|299||10,50|C|1538||DESP BANC BORD No220||
|I250|417||208,72|C|1538||RCNo:1 :299031>MORA||
|I250|281||287,72|C|1538||LAQUA  BORD: 2202022||
|I250|69||676,05|C|1538||RCNo:1 :CH 000270>VALRESID||
|I250|299||917,06|C|1538||DESP FACTORING BORD No220||
|I250|69||1000,00|C|1538||RCNo:1 :CH 001010>VALRESID||
|I250|69||3537,60|C|1538||RCNo:1 :DP 299031>VALRESID||
|I250|8||26182,67|C|1538||LIBBORDNo 220 TED||
|I200|Q0E1X1J0DB|26122022|110730,65|N||
|I250|684||110730,65|D|1539||*TP:26122022CNABBRADESCO 2805||
|I250|69||1932,75|C|1539||CNAB DUP  (RESIDUAL)||
|I250|69||2276,50|C|1539||CNAB DUP  (RESIDUAL)||
|I250|53||4351,20|C|1539||CNAB DUP  (RESIDUAL)||
|I250|53||4811,00|C|1539||CNAB DUP  (RESIDUAL)||
|I250|53||4991,50|C|1539||CNAB DUP  (RESIDUAL)||
|I250|53||5148,10|C|1539||CNAB DUP  (RESIDUAL)||
|I250|53||5162,00|C|1539||CNAB DUP  (RESIDUAL)||
|I250|53||5368,00|C|1539||CNAB DUP  (RESIDUAL)||
|I250|53||5444,75|C|1539||CNAB DUP  (RESIDUAL)||
|I250|53||5498,40|C|1539||CNAB DUP  (RESIDUAL)||
|I250|53||5513,21|C|1539||CNAB DUP  (RESIDUAL)||
|I250|53||5650,30|C|1539||CNAB DUP  (RESIDUAL)||
|I250|53||5666,90|C|1539||CNAB DUP  (RESIDUAL)||
|I250|53||5726,54|C|1539||CNAB DUP  (RESIDUAL)||
|I250|53||5890,00|C|1539||CNAB DUP  (RESIDUAL)||
|I250|68||8333,33|C|1539||CNAB DUP  (RESIDUAL)||
|I250|68||8333,33|C|1539||CNAB DUP  (RESIDUAL)||
|I250|68||8333,34|C|1539||CNAB DUP  (RESIDUAL)||
|I250|69||12299,50|C|1539||CNAB DUP  (RESIDUAL)||
|I200|Q0E1X2J0DC|26122022|15000,00|N||
|I250|8||14272,75|D|1542||RCn:2  :CEDENTE>FACTORING||
|I250|281||727,25|D|1542||RCn:2  :REC AVULSA DEB CC||
|I250|69||15000,00|C|1542||RCn:2  :CH 000741>RES||
|I200|Q0E1QEJ03P|27122022|5315,17|N||
|I250|299||5315,17|D|1543||CDVINLAND21: DESAGIO (TRANSIT>DEFINITIV||
|I250|384||5315,17|C|1543||CDVINLAND21: DESAGIO (TRANSIT>DEFINITIV||
|I200|Q0E1QEJ03Q|27122022|2,60|N||
|I250|299||2,60|D|1543||CDVINLAND21: RECEITA 3 (TRANSIT>DEFINIT||
|I250|586||2,60|C|1543||CDVINLAND21: RECEITA 3 (TRANSIT>DEFINIT||
|I200|Q0E1QFJ03T|27122022|198,59|N||
|I250|299||198,59|D|1543||053601001: DESAGIO (TRANSIT>DEFINITIVA||
|I250|384||198,59|C|1543||053601001: DESAGIO (TRANSIT>DEFINITIVA||
|I200|Q0E1QFJ03U|27122022|1,51|N||
|I250|299||1,51|D|1543||053601001: RECEITA 3 (TRANSIT>DEFINITI||
|I250|586||1,51|C|1543||053601001: RECEITA 3 (TRANSIT>DEFINITI||
|I200|Q0E1QFJ03X|27122022|250,59|N||
|I250|299||250,59|D|1543||053607001: DESAGIO (TRANSIT>DEFINITIVA||
|I250|384||250,59|C|1543||053607001: DESAGIO (TRANSIT>DEFINITIVA||
|I200|Q0E1QFJ03Y|27122022|1,91|N||
|I250|299||1,91|D|1543||053607001: RECEITA 3 (TRANSIT>DEFINITI||
|I250|586||1,91|C|1543||053607001: RECEITA 3 (TRANSIT>DEFINITI||
|I200|Q0E1QFJ03Z|27122022|110730,65|N||
|I250|8||110730,65|D|1539||*TF:26122022CNABBRADESCO 2805||
|I250|684||110730,65|C|1539||*TF:26122022CNABBRADESCO 2805||
|I200|Q0E1QGJ041|27122022|144,92|N||
|I250|299||144,92|D|1544||055160001: DESAGIO (TRANSIT>DEFINITIVA||
|I250|384||144,92|C|1544||055160001: DESAGIO (TRANSIT>DEFINITIVA||
|I200|Q0E1QGJ042|27122022|1,91|N||
|I250|299||1,91|D|1544||055160001: RECEITA 3 (TRANSIT>DEFINITI||
|I250|586||1,91|C|1544||055160001: RECEITA 3 (TRANSIT>DEFINITI||
|I200|Q0E1QGJ044|27122022|116,69|N||
|I250|299||116,69|D|1544||299781: DESAGIO (TRANSIT>DEFINITIVA)||
|I250|384||116,69|C|1544||299781: DESAGIO (TRANSIT>DEFINITIVA)||
|I200|Q0E1QGJ045|27122022|2,55|N||
|I250|299||2,55|D|1544||299781: RECEITA 3 (TRANSIT>DEFINITIVA)||
|I250|586||2,55|C|1544||299781: RECEITA 3 (TRANSIT>DEFINITIVA)||
|I200|Q0E1QGJ047|27122022|7853,00|N||
|I250|7||7853,00|D|||DEPOSITO  000612||
|I250|69||7853,00|C|||DEPOSITO  000612||
|I200|Q0E1QGJ048|27122022|416,86|N||
|I250|299||416,86|D|||000612: DESAGIO (TRANSIT>DEFINITIVA)||
|I250|384||416,86|C|||000612: DESAGIO (TRANSIT>DEFINITIVA)||
|I200|Q0E1QGJ049|27122022|2,84|N||
|I250|299||2,84|D|||000612: RECEITA 3 (TRANSIT>DEFINITIVA)||
|I250|586||2,84|C|||000612: RECEITA 3 (TRANSIT>DEFINITIVA)||
|I200|Q0E1QGJ04A|27122022|6340,18|N||
|I250|8||6340,18|D|||DEPOSITO  000409||
|I250|69||6340,18|C|||DEPOSITO  000409||
|I200|Q0E1QHJ04B|27122022|302,22|N||
|I250|299||302,22|D|||000409: DESAGIO (TRANSIT>DEFINITIVA)||
|I250|384||302,22|C|||000409: DESAGIO (TRANSIT>DEFINITIVA)||
|I200|Q0E1QHJ04C|27122022|3,16|N||
|I250|299||3,16|D|||000409: RECEITA 3 (TRANSIT>DEFINITIVA)||
|I250|586||3,16|C|||000409: RECEITA 3 (TRANSIT>DEFINITIVA)||
|I200|Q0E1QHJ04D|27122022|3296,75|N||
|I250|8||3296,75|D|||DEPOSITO  851251||
|I250|69||3296,75|C|||DEPOSITO  851251||
|I200|Q0E1QHJ04E|27122022|78,92|N||
|I250|299||78,92|D|||851251: DESAGIO (TRANSIT>DEFINITIVA)||
|I250|384||78,92|C|||851251: DESAGIO (TRANSIT>DEFINITIVA)||
|I200|Q0E1QHJ04F|27122022|2,76|N||
|I250|299||2,76|D|||851251: RECEITA 3 (TRANSIT>DEFINITIVA)||
|I250|586||2,76|C|||851251: RECEITA 3 (TRANSIT>DEFINITIVA)||
|I200|Q0E1QHJ04G|27122022|637,75|N||
|I250|8||637,75|D|||DEPOSITO  000275||
|I250|69||637,75|C|||DEPOSITO  000275||
|I200|Q0E1QHJ04H|27122022|13,21|N||
|I250|299||13,21|D|||000275: DESAGIO (TRANSIT>DEFINITIVA)||
|I250|384||13,21|C|||000275: DESAGIO (TRANSIT>DEFINITIVA)||
|I200|Q0E1QHJ04I|27122022|0,69|N||
|I250|299||0,69|D|||000275: RECEITA 3 (TRANSIT>DEFINITIVA)||
|I250|586||0,69|C|||000275: RECEITA 3 (TRANSIT>DEFINITIVA)||
|I200|Q0E1QHJ04J|27122022|2520,63|N||
|I250|69||2520,63|D|||DEV CHQ  000038||
|I250|8||2520,63|C|||DEV CHQ  000038||
|I200|Q0E1QIJ04K|27122022|109,23|N||
|I250|384||109,23|D|||000038: DESAGIO (DEFINITIVA>TRANSIT)||
|I250|299||109,23|C|||000038: DESAGIO (DEFINITIVA>TRANSIT)||
|I200|Q0E1QIJ04L|27122022|2,70|N||
|I250|586||2,70|D|||000038: RECEITA 3 (DEFINITIVA>TRANSIT)||
|I250|299||2,70|C|||000038: RECEITA 3 (DEFINITIVA>TRANSIT)||
|I200|Q0E1QIJ04M|27122022|2520,63|N||
|I250|69||2520,63|D|||DEV CHQ  000039||
|I250|8||2520,63|C|||DEV CHQ  000039||
|I200|Q0E1QIJ04N|27122022|95,57|N||
|I250|384||95,57|D|||000039: DESAGIO (DEFINITIVA>TRANSIT)||
|I250|299||95,57|C|||000039: DESAGIO (DEFINITIVA>TRANSIT)||
|I200|Q0E1QIJ04O|27122022|2,70|N||
|I250|586||2,70|D|||000039: RECEITA 3 (DEFINITIVA>TRANSIT)||
|I250|299||2,70|C|||000039: RECEITA 3 (DEFINITIVA>TRANSIT)||
|I200|Q0E1QIJ04P|27122022|1605,00|N||
|I250|69||1605,00|D|||DEV CHQ  002076||
|I250|8||1605,00|C|||DEV CHQ  002076||
|I200|Q0E1QJJ04Q|27122022|36,69|N||
|I250|384||36,69|D|||002076: DESAGIO (DEFINITIVA>TRANSIT)||
|I250|299||36,69|C|||002076: DESAGIO (DEFINITIVA>TRANSIT)||
|I200|Q0E1QJJ04R|27122022|1,76|N||
|I250|586||1,76|D|||002076: RECEITA 3 (DEFINITIVA>TRANSIT)||
|I250|299||1,76|C|||002076: RECEITA 3 (DEFINITIVA>TRANSIT)||
|I200|Q0E1QJJ04S|27122022|1,60|N||
|I250|7||1,60|D|||RESG Aplicacao Autom>Santander||
|I250|14||1,60|C|||RESG Aplicacao Autom>Santander||
|I200|Q0E1QJJ04T|27122022|1,60|N||
|I250|586||1,60|D|||TARIFA DE BAIXA||
|I250|7||1,60|C|||TARIFA DE BAIXA||
|I200|Q0E1QJJ04U|27122022|10,80|N||
|I250|586||10,80|D|||TARIFA REG COBRANCA (6X)||
|I250|8||10,80|C|||TARIFA REG COBRANCA (6X)||
|I200|Q0E1QJJ04V|27122022|6,00|N||
|I250|586||6,00|D|||TARIFA COMAND COBR||
|I250|8||6,00|C|||TARIFA COMAND COBR||
|I200|Q0E1QJJ04W|27122022|1,50|N||
|I250|586||1,50|D|||TARIFA PIX||
|I250|8||1,50|C|||TARIFA PIX||
|I200|Q0E1QJJ04X|27122022|209,00|N||
|I250|504||209,00|D|||ASSINATURAS  Assinatura CertRio Arche||
|I250|8||209,00|C|||ASSINATURAS  Assinatura CertRio Arche||
|I200|Q0E1QKJ050|27122022|10,72|N||
|I250|292||10,72|D|||CORRECAO SALDO DEVEDOR||
|I250|417||10,72|C|||CORRECAO SALDO DEVEDOR||
|I200|Q0E1QKJ051|27122022|5,10|N||
|I250|280||5,10|D|||CORRECAO SALDO DEVEDOR||
|I250|417||5,10|C|||CORRECAO SALDO DEVEDOR||
|I200|Q0E1QKJ052|27122022|4,90|N||
|I250|278||4,90|D|||DUP No CDVINLAND21||
|I250|586||4,90|C|||DUP No CDVINLAND21||
|I200|Q0E1QKJ053|27122022|4,90|N||
|I250|278||4,90|D|||DUP No 053601001||
|I250|586||4,90|C|||DUP No 053601001||
|I200|Q0E1QKJ054|27122022|4,90|N||
|I250|278||4,90|D|||DUP No 053607001||
|I250|586||4,90|C|||DUP No 053607001||
|I200|Q0E1QKJ055|27122022|2,23|N||
|I250|281||2,23|D|||CORRECAO SALDO DEVEDOR||
|I250|417||2,23|C|||CORRECAO SALDO DEVEDOR||
|I200|Q0E1QLJ056|27122022|1,46|N||
|I250|271||1,46|D|||CORRECAO SALDO DEVEDOR||
|I250|417||1,46|C|||CORRECAO SALDO DEVEDOR||
|I200|Q0E1X2J0DD|27122022|146769,38|N||
|I250|53||146769,38|D|1543||DUPLICATAS BORDERO No38||
|I250|299||48,30|C|1543||DESP BANC BORD No38||
|I250|417||311,75|C|1543||RCNo:1 :053601001>MORA||
|I250|417||363,43|C|1543||RCNo:1 :CDVINLAND21>MORA||
|I250|417||393,39|C|1543||RCNo:1 :053607001>MORA||
|I250|299||4145,18|C|1543||DESP FACTORING BORD No38||
|I250|53||7085,28|C|1543||RCNo:1 :DP 053601001>VALRESID||
|I250|53||8940,74|C|1543||RCNo:1 :DP 053607001>VALRESID||
|I250|53||13978,09|C|1543||RCNo:1 :DP CDVINLAND21>VALRESID||
|I250|8||111503,22|C|1543||LIBBORDNo 38 TED||
|I200|Q0E1X2J0DE|27122022|10918,77|N||
|I250|684||10918,77|D|1544||*TP:27122022CNABBRADESCO 2805||
|I250|69||5356,25|C|1544||CNAB DUP  (RESIDUAL)||
|I250|53||5562,52|C|1544||CNAB DUP  (RESIDUAL)||
|I200|Q0E1X2J0DF|27122022|7853,00|N||
|I250|8||7853,00|D|1545||TRANSF Santander>BRADESCO 2805||
|I250|7||7853,00|C|1545||TRANSF Santander>BRADESCO 2805||
|I200|Q0E1QLJ05E|28122022|109,23|N||
|I250|299||109,23|D|1546||000038: DESAGIO (TRANSIT>DEFINITIVA)||
|I250|384||109,23|C|1546||000038: DESAGIO (TRANSIT>DEFINITIVA)||
|I200|Q0E1QLJ05F|28122022|2,70|N||
|I250|299||2,70|D|1546||000038: RECEITA 3 (TRANSIT>DEFINITIVA)||
|I250|586||2,70|C|1546||000038: RECEITA 3 (TRANSIT>DEFINITIVA)||
|I200|Q0E1QMJ05I|28122022|95,57|N||
|I250|299||95,57|D|1546||000039: DESAGIO (TRANSIT>DEFINITIVA)||
|I250|384||95,57|C|1546||000039: DESAGIO (TRANSIT>DEFINITIVA)||
|I200|Q0E1QMJ05J|28122022|2,70|N||
|I250|299||2,70|D|1546||000039: RECEITA 3 (TRANSIT>DEFINITIVA)||
|I250|586||2,70|C|1546||000039: RECEITA 3 (TRANSIT>DEFINITIVA)||
|I200|Q0E1QMJ05M|28122022|36,69|N||
|I250|299||36,69|D|1546||002076: DESAGIO (TRANSIT>DEFINITIVA)||
|I250|384||36,69|C|1546||002076: DESAGIO (TRANSIT>DEFINITIVA)||
|I200|Q0E1QMJ05N|28122022|1,76|N||
|I250|299||1,76|D|1546||002076: RECEITA 3 (TRANSIT>DEFINITIVA)||
|I250|586||1,76|C|1546||002076: RECEITA 3 (TRANSIT>DEFINITIVA)||
|I200|Q0E1QMJ05O|28122022|10918,77|N||
|I250|8||10918,77|D|1544||*TF:27122022CNABBRADESCO 2805||
|I250|684||10918,77|C|1544||*TF:27122022CNABBRADESCO 2805||
|I200|Q0E1QMJ05Q|28122022|210,82|N||
|I250|299||210,82|D|1547||276: DESAGIO (TRANSIT>DEFINITIVA)||
|I250|384||210,82|C|1547||276: DESAGIO (TRANSIT>DEFINITIVA)||
|I200|Q0E1QMJ05R|28122022|1,30|N||
|I250|299||1,30|D|1547||276: RECEITA 3 (TRANSIT>DEFINITIVA)||
|I250|586||1,30|C|1547||276: RECEITA 3 (TRANSIT>DEFINITIVA)||
|I200|Q0E1QNJ05T|28122022|57,96|N||
|I250|299||57,96|D|1547||127061: DESAGIO (TRANSIT>DEFINITIVA)||
|I250|384||57,96|C|1547||127061: DESAGIO (TRANSIT>DEFINITIVA)||
|I200|Q0E1QNJ05U|28122022|1,81|N||
|I250|299||1,81|D|1547||127061: RECEITA 3 (TRANSIT>DEFINITIVA)||
|I250|586||1,81|C|1547||127061: RECEITA 3 (TRANSIT>DEFINITIVA)||
|I200|Q0E1QNJ05W|28122022|320060,30|N||
|I250|14||320060,30|D|||APLIC Santander>Aplicacao Autom||
|I250|7||320060,30|C|||APLIC Santander>Aplicacao Autom||
|I200|Q0E1QNJ05X|28122022|46,80|N||
|I250|586||46,80|D|||TARIFA REG COBRANCA (X26)||
|I250|8||46,80|C|||TARIFA REG COBRANCA (X26)||
|I200|Q0E1QNJ05Y|28122022|18,00|N||
|I250|586||18,00|D|||TARIFA COMAND COBR||
|I250|8||18,00|C|||TARIFA COMAND COBR||
|I200|Q0E1QNJ05Z|28122022|1,50|N||
|I250|586||1,50|D|||TARIFA PIX||
|I250|8||1,50|C|||TARIFA PIX||
|I200|Q0E1QOJ060|28122022|14260020,80|N||
|I250|12||14260020,80|D|||RESGATE DEBENTURES  BODY 12 e BODY 13||
|I250|117||14260020,80|C|||RESGATE DEBENTURES  BODY 12 e BODY 13||
|I200|Q0E1QOJ061|28122022|116850,32|N||
|I250|78||116850,32|D|||IR INVESTIMENTOS  BODY 12 e BODY 13||
|I250|12||116850,32|C|||IR INVESTIMENTOS  BODY 12 e BODY 13||
|I200|Q0E1QOJ064|28122022|10,75|N||
|I250|292||10,75|D|||CORRECAO SALDO DEVEDOR||
|I250|417||10,75|C|||CORRECAO SALDO DEVEDOR||
|I200|Q0E1QOJ065|28122022|5,11|N||
|I250|280||5,11|D|||CORRECAO SALDO DEVEDOR||
|I250|417||5,11|C|||CORRECAO SALDO DEVEDOR||
|I200|Q0E1QOJ066|28122022|2,23|N||
|I250|281||2,23|D|||CORRECAO SALDO DEVEDOR||
|I250|417||2,23|C|||CORRECAO SALDO DEVEDOR||
|I200|Q0E1QPJ067|28122022|1,46|N||
|I250|271||1,46|D|||CORRECAO SALDO DEVEDOR||
|I250|417||1,46|C|||CORRECAO SALDO DEVEDOR||
|I200|Q0E1QPJ068|28122022|0,04|N||
|I250|278||0,04|D|||CORRECAO SALDO DEVEDOR||
|I250|417||0,04|C|||CORRECAO SALDO DEVEDOR||
|I200|Q0E1X3J0DG|28122022|28224,30|N||
|I250|69||28224,30|D|1546||DUPLICATAS BORDERO No221||
|I250|417||9,63|C|1546||RCNo:1 :002076>MORA||
|I250|299||12,30|C|1546||DESP BANC BORD No221||
|I250|417||15,12|C|1546||RCNo:1 :000039>MORA||
|I250|417||65,54|C|1546||RCNo:1 :000038>MORA||
|I250|281||746,41|C|1546||LAQUA  BORD: 2212022||
|I250|299||1064,66|C|1546||DESP FACTORING BORD No221||
|I250|69||1605,00|C|1546||RCNo:1 :CH 002076>VALRESID||
|I250|69||2520,63|C|1546||RCNo:1 :CH 000038>VALRESID||
|I250|69||2520,63|C|1546||RCNo:1 :CH 000039>VALRESID||
|I250|8||19664,38|C|1546||LIBBORDNo 221 TED||
|I200|Q0E1X3J0DH|28122022|17298,64|N||
|I250|684||17298,64|D|1547||*TP:28122022CNABBRADESCO 2805||
|I250|69||3537,40|C|1547||CNAB DUP  (RESIDUAL)||
|I250|52||13761,24|C|1547||CNAB DUP  (RESIDUAL)||
|I200|Q0E1X3J0DI|28122022|14147000,00|N||
|I250|7||14147000,00|D|1548||TRANSF XP>Santander||
|I250|12||14147000,00|C|1548||TRANSF XP>Santander||
|I200|Q0E1XAJ0DJ|28122022|8797818,95|N||
|I250|325||8797818,95|D|1549||RESGATE: (VALOR) Alexandre   PRE||
|I250|686||22009,26|C|1549||RESGATE: (IRRF) Alexandre   PRE||
|I250|7||8775809,69|C|1549||RES: (LIQUIDO) Alexandre   PRE||
|I200|Q0E1XFJ0DK|28122022|5065974,21|N||
|I250|326||5065974,21|D|1550||RESGATE: (VALOR) Cristovao  PRE||
|I250|686||14844,20|C|1550||RESGATE: (IRRF) Cristovao  PRE||
|I250|7||5051130,01|C|1550||RES: (LIQUIDO) Cristovao  PRE||
|I200|Q0E1QQJ06M|29122022|137,42|N||
|I250|299||137,42|D|1551||055162001: DESAGIO (TRANSIT>DEFINITIVA||
|I250|384||137,42|C|1551||055162001: DESAGIO (TRANSIT>DEFINITIVA||
|I200|Q0E1QQJ06N|29122022|1,88|N||
|I250|299||1,88|D|1551||055162001: RECEITA 3 (TRANSIT>DEFINITI||
|I250|586||1,88|C|1551||055162001: RECEITA 3 (TRANSIT>DEFINITI||
|I200|Q0E1QRJ06V|29122022|31,50|N||
|I250|299||31,50|D|1552||300551: DESAGIO (TRANSIT>DEFINITIVA)||
|I250|384||31,50|C|1552||300551: DESAGIO (TRANSIT>DEFINITIVA)||
|I200|Q0E1QRJ06W|29122022|2,48|N||
|I250|299||2,48|D|1552||300551: RECEITA 3 (TRANSIT>DEFINITIVA)||
|I250|586||2,48|C|1552||300551: RECEITA 3 (TRANSIT>DEFINITIVA)||
|I200|Q0E1QRJ06Z|29122022|19,54|N||
|I250|299||19,54|D|1552||300911: DESAGIO (TRANSIT>DEFINITIVA)||
|I250|384||19,54|C|1552||300911: DESAGIO (TRANSIT>DEFINITIVA)||
|I200|Q0E1QRJ070|29122022|1,54|N||
|I250|299||1,54|D|1552||300911: RECEITA 3 (TRANSIT>DEFINITIVA)||
|I250|586||1,54|C|1552||300911: RECEITA 3 (TRANSIT>DEFINITIVA)||
|I200|Q0E1QRJ071|29122022|17298,64|N||
|I250|8||17298,64|D|1547||*TF:28122022CNABBRADESCO 2805||
|I250|684||17298,64|C|1547||*TF:28122022CNABBRADESCO 2805||
|I200|Q0E1QSJ073|29122022|214,56|N||
|I250|299||214,56|D|1553||295112: DESAGIO (TRANSIT>DEFINITIVA)||
|I250|384||214,56|C|1553||295112: DESAGIO (TRANSIT>DEFINITIVA)||
|I200|Q0E1QSJ074|29122022|2,55|N||
|I250|299||2,55|D|1553||295112: RECEITA 3 (TRANSIT>DEFINITIVA)||
|I250|586||2,55|C|1553||295112: RECEITA 3 (TRANSIT>DEFINITIVA)||
|I200|Q0E1QSJ076|29122022|101,77|N||
|I250|299||101,77|D|1553||297153: DESAGIO (TRANSIT>DEFINITIVA)||
|I250|384||101,77|C|1553||297153: DESAGIO (TRANSIT>DEFINITIVA)||
|I200|Q0E1QSJ077|29122022|2,30|N||
|I250|299||2,30|D|1553||297153: RECEITA 3 (TRANSIT>DEFINITIVA)||
|I250|586||2,30|C|1553||297153: RECEITA 3 (TRANSIT>DEFINITIVA)||
|I200|Q0E1QSJ079|29122022|5,01|N||
|I250|299||5,01|D|1553||209641: DESAGIO (TRANSIT>DEFINITIVA)||
|I250|384||5,01|C|1553||209641: DESAGIO (TRANSIT>DEFINITIVA)||
|I200|Q0E1QSJ07A|29122022|0,66|N||
|I250|299||0,66|D|1553||209641: RECEITA 3 (TRANSIT>DEFINITIVA)||
|I250|586||0,66|C|1553||209641: RECEITA 3 (TRANSIT>DEFINITIVA)||
|I200|Q0E1QTJ07E|29122022|131,18|N||
|I250|299||131,18|D|1554||APTO1107AFAM18: DESAGIO (TRANSIT>DEFINI||
|I250|384||131,18|C|1554||APTO1107AFAM18: DESAGIO (TRANSIT>DEFINI||
|I200|Q0E1QTJ07F|29122022|0,04|N||
|I250|299||0,04|D|1554||APTO1107AFAM18: RECEITA 3 (TRANSIT>DEFI||
|I250|586||0,04|C|1554||APTO1107AFAM18: RECEITA 3 (TRANSIT>DEFI||
|I200|Q0E1QTJ07I|29122022|83,09|N||
|I250|299||83,09|D|1555||APTO1101CMC19: DESAGIO (TRANSIT>DEFINIT||
|I250|384||83,09|C|1555||APTO1101CMC19: DESAGIO (TRANSIT>DEFINIT||
|I200|Q0E1QTJ07J|29122022|0,03|N||
|I250|299||0,03|D|1555||APTO1101CMC19: RECEITA 3 (TRANSIT>DEFIN||
|I250|586||0,03|C|1555||APTO1101CMC19: RECEITA 3 (TRANSIT>DEFIN||
|I200|Q0E1QUJ07M|29122022|152,84|N||
|I250|299||152,84|D|1556||APTO1103RSC19: DESAGIO (TRANSIT>DEFINIT||
|I250|384||152,84|C|1556||APTO1103RSC19: DESAGIO (TRANSIT>DEFINIT||
|I200|Q0E1QUJ07N|29122022|0,05|N||
|I250|299||0,05|D|1556||APTO1103RSC19: RECEITA 3 (TRANSIT>DEFIN||
|I250|586||0,05|C|1556||APTO1103RSC19: RECEITA 3 (TRANSIT>DEFIN||
|I200|Q0E1QUJ07Q|29122022|63,74|N||
|I250|299||63,74|D|1557||APTO808KMR19: DESAGIO (TRANSIT>DEFINITI||
|I250|384||63,74|C|1557||APTO808KMR19: DESAGIO (TRANSIT>DEFINITI||
|I200|Q0E1QUJ07R|29122022|0,02|N||
|I250|299||0,02|D|1557||APTO808KMR19: RECEITA 3 (TRANSIT>DEFINI||
|I250|586||0,02|C|1557||APTO808KMR19: RECEITA 3 (TRANSIT>DEFINI||
|I200|Q0E1QUJ07U|29122022|171,43|N||
|I250|299||171,43|D|1558||APTO406RSN19: DESAGIO (TRANSIT>DEFINITI||
|I250|384||171,43|C|1558||APTO406RSN19: DESAGIO (TRANSIT>DEFINITI||
|I200|Q0E1QUJ07V|29122022|0,05|N||
|I250|299||0,05|D|1558||APTO406RSN19: RECEITA 3 (TRANSIT>DEFINI||
|I250|586||0,05|C|1558||APTO406RSN19: RECEITA 3 (TRANSIT>DEFINI||
|I200|Q0E1QVJ07W|29122022|4157,50|N||
|I250|8||4157,50|D|||DEPOSITO  000345||
|I250|69||4157,50|C|||DEPOSITO  000345||
|I200|Q0E1QVJ07X|29122022|135,12|N||
|I250|299||135,12|D|||000345: DESAGIO (TRANSIT>DEFINITIVA)||
|I250|384||135,12|C|||000345: DESAGIO (TRANSIT>DEFINITIVA)||
|I200|Q0E1QVJ07Y|29122022|5,22|N||
|I250|299||5,22|D|||000345: RECEITA 3 (TRANSIT>DEFINITIVA)||
|I250|586||5,22|C|||000345: RECEITA 3 (TRANSIT>DEFINITIVA)||
|I200|Q0E1QVJ07Z|29122022|4157,50|N||
|I250|8||4157,50|D|||DEPOSITO  000347||
|I250|69||4157,50|C|||DEPOSITO  000347||
|I200|Q0E1QVJ080|29122022|135,12|N||
|I250|299||135,12|D|||000347: DESAGIO (TRANSIT>DEFINITIVA)||
|I250|384||135,12|C|||000347: DESAGIO (TRANSIT>DEFINITIVA)||
|I200|Q0E1QVJ081|29122022|5,22|N||
|I250|299||5,22|D|||000347: RECEITA 3 (TRANSIT>DEFINITIVA)||
|I250|586||5,22|C|||000347: RECEITA 3 (TRANSIT>DEFINITIVA)||
|I200|Q0E1QVJ082|29122022|320419,42|N||
|I250|7||320419,42|D|||RESG Aplicacao Autom>Santander||
|I250|14||320419,42|C|||RESG Aplicacao Autom>Santander||
|I200|Q0E1QWJ083|29122022|43,80|N||
|I250|586||43,80|D|||TARIFA DOC  TED  Boca do Caixa (x2)||
|I250|7||43,80|C|||TARIFA DOC  TED  Boca do Caixa (x2)||
|I200|Q0E1QWJ084|29122022|10,80|N||
|I250|586||10,80|D|||TARIFA REG COBRANCA (X6)||
|I250|8||10,80|C|||TARIFA REG COBRANCA (X6)||
|I200|Q0E1QWJ085|29122022|1,50|N||
|I250|586||1,50|D|||TARIFA PIX||
|I250|8||1,50|C|||TARIFA PIX||
|I200|Q0E1QWJ086|29122022|129,62|N||
|I250|267||129,62|D|||ACERTO SD ()||
|I250|8||129,62|C|||ACERTO SD ()||
|I200|Q0E1QWJ087|29122022|369252,19|N||
|I250|12||369252,19|D|||AMORTIZACAO PRINCIPAL  Debentures Body||
|I250|384||369252,19|C|||AMORTIZACAO PRINCIPAL  Debentures Body||
|I200|Q0E1QWJ088|29122022|12687810,60|N||
|I250|12||12687810,60|D|||RESGATE DEBENTURES  BODY 12 e BODY 13||
|I250|117||12687810,60|C|||RESGATE DEBENTURES  BODY 12 e BODY 13||
|I200|Q0E1QWJ089|29122022|168849,30|N||
|I250|78||168849,30|D|||IR INVESTIMENTOS  IR Resgate||
|I250|12||168849,30|C|||IR INVESTIMENTOS  IR Resgate||
|I200|Q0E1QWJ08A|29122022|365857,51|N||
|I250|16||365857,51|D|||APLICACAO CDB||
|I250|12||365857,51|C|||APLICACAO CDB||
|I200|Q0E1QXJ08J|29122022|925,17|N||
|I250|279||925,17|D|||DM  123 DE 151222 PARA 190123||
|I250|417||925,17|C|||DM  123 DE 151222 PARA 190123||
|I200|Q0E1QXJ08K|29122022|756,82|N||
|I250|279||756,82|D|||DM  122 DE 151222 PARA 190123||
|I250|417||756,82|C|||DM  122 DE 151222 PARA 190123||
|I200|Q0E1QXJ08L|29122022|470,17|N||
|I250|279||470,17|D|||DM  125 DE 151222 PARA 190123||
|I250|417||470,17|C|||DM  125 DE 151222 PARA 190123||
|I200|Q0E1QYJ08M|29122022|299,54|N||
|I250|279||299,54|D|||DM  127 DE 151222 PARA 190123||
|I250|417||299,54|C|||DM  127 DE 151222 PARA 190123||
|I200|Q0E1QYJ08N|29122022|189,20|N||
|I250|279||189,20|D|||DM  124 DE 151222 PARA 190123||
|I250|417||189,20|C|||DM  124 DE 151222 PARA 190123||
|I200|Q0E1QYJ08O|29122022|189,20|N||
|I250|279||189,20|D|||DM  128 DE 151222 PARA 190123||
|I250|417||189,20|C|||DM  128 DE 151222 PARA 190123||
|I200|Q0E1QYJ08P|29122022|183,96|N||
|I250|277||183,96|D|||DM  275 DE 291222 PARA 030123||
|I250|417||183,96|C|||DM  275 DE 291222 PARA 030123||
|I200|Q0E1QYJ08Q|29122022|166,44|N||
|I250|277||166,44|D|||DM  274 DE 291222 PARA 030123||
|I250|417||166,44|C|||DM  274 DE 291222 PARA 030123||
|I200|Q0E1QYJ08R|29122022|147,88|N||
|I250|279||147,88|D|||DM  129 DE 151222 PARA 190123||
|I250|417||147,88|C|||DM  129 DE 151222 PARA 190123||
|I200|Q0E1QYJ08S|29122022|10,79|N||
|I250|292||10,79|D|||CORRECAO SALDO DEVEDOR||
|I250|417||10,79|C|||CORRECAO SALDO DEVEDOR||
|I200|Q0E1QYJ08T|29122022|5,13|N||
|I250|280||5,13|D|||CORRECAO SALDO DEVEDOR||
|I250|417||5,13|C|||CORRECAO SALDO DEVEDOR||
|I200|Q0E1QZJ08U|29122022|4,90|N||
|I250|278||4,90|D|||DUP No 055162001||
|I250|586||4,90|C|||DUP No 055162001||
|I200|Q0E1QZJ08V|29122022|4,90|N||
|I250|281||4,90|D|||DUP No 300551||
|I250|586||4,90|C|||DUP No 300551||
|I200|Q0E1QZJ08W|29122022|4,90|N||
|I250|281||4,90|D|||DUP No 300911||
|I250|586||4,90|C|||DUP No 300911||
|I200|Q0E1QZJ08X|29122022|2,50|N||
|I250|277||2,50|D|||TARIFA DE DUP 274||
|I250|586||2,50|C|||TARIFA DE DUP 274||
|I200|Q0E1QZJ08Y|29122022|2,50|N||
|I250|277||2,50|D|||TARIFA DE DUP 275||
|I250|586||2,50|C|||TARIFA DE DUP 275||
|I200|Q0E1QZJ08Z|29122022|2,50|N||
|I250|279||2,50|D|||TARIFA DE DUP 122||
|I250|586||2,50|C|||TARIFA DE DUP 122||
|I200|Q0E1QZJ090|29122022|2,50|N||
|I250|279||2,50|D|||TARIFA DE DUP 123||
|I250|586||2,50|C|||TARIFA DE DUP 123||
|I200|Q0E1R0J091|29122022|2,50|N||
|I250|279||2,50|D|||TARIFA DE DUP 124||
|I250|586||2,50|C|||TARIFA DE DUP 124||
|I200|Q0E1R0J092|29122022|2,50|N||
|I250|279||2,50|D|||TARIFA DE DUP 125||
|I250|586||2,50|C|||TARIFA DE DUP 125||
|I200|Q0E1R0J093|29122022|2,50|N||
|I250|279||2,50|D|||TARIFA DE DUP 127||
|I250|586||2,50|C|||TARIFA DE DUP 127||
|I200|Q0E1R0J094|29122022|2,50|N||
|I250|279||2,50|D|||TARIFA DE DUP 128||
|I250|586||2,50|C|||TARIFA DE DUP 128||
|I200|Q0E1R0J095|29122022|2,50|N||
|I250|279||2,50|D|||TARIFA DE DUP 129||
|I250|586||2,50|C|||TARIFA DE DUP 129||
|I200|Q0E1R0J096|29122022|1,47|N||
|I250|271||1,47|D|||CORRECAO SALDO DEVEDOR||
|I250|417||1,47|C|||CORRECAO SALDO DEVEDOR||
|I200|Q0E1R0J097|29122022|0,04|N||
|I250|278||0,04|D|||CORRECAO SALDO DEVEDOR||
|I250|417||0,04|C|||CORRECAO SALDO DEVEDOR||
|I200|Q0E1XGJ0DL|29122022|19579,32|N||
|I250|53||19579,32|D|1551||DUPLICATAS BORDERO No39||
|I250|299||14,10|C|1551||DESP BANC BORD No39||
|I250|417||159,01|C|1551||RCNo:1 :055162001>MORA||
|I250|299||510,09|C|1551||DESP FACTORING BORD No39||
|I250|278||4000,00|C|1551||KPL  BORD: 392022||
|I250|53||5483,00|C|1551||RCNo:1 :DP 055162001>VALRESID||
|I250|8||9413,12|C|1551||LIBBORDNo 39 TED||
|I200|Q0E1XHJ0DM|29122022|26418,53|N||
|I250|69||26418,53|D|1552||CHEQUES BORDERO No222||
|I250|299||22,30|C|1552||DESP BANC BORD No222||
|I250|417||37,03|C|1552||RCNo:2 :300911>MORA||
|I250|417||72,07|C|1552||RCNo:2 :300551>MORA||
|I250|299||850,64|C|1552||DESP FACTORING BORD No222||
|I250|69||1276,80|C|1552||RCNo:2 :DP 300911>VALRESID||
|I250|69||2059,06|C|1552||RCNo:2 :DP 300551>VALRESID||
|I250|281||7800,00|C|1552||LAQUA  BORD: 2222022||
|I250|8||14300,63|C|1552||LIBBORDNo 222 TED||
|I200|Q0E1XHJ0DN|29122022|9310,06|N||
|I250|684||9310,06|D|1553||*TP:29122022CNABBRADESCO 2805||
|I250|69||570,93|C|1553||CNAB DUP  (RESIDUAL)||
|I250|69||3237,47|C|1553||CNAB DUP  (RESIDUAL)||
|I250|69||5501,66|C|1553||CNAB DUP  (RESIDUAL)||
|I200|Q0E1XHJ0DO|29122022|389,60|N||
|I250|8||389,60|D|1554||QUIT  APTO1107AFAM18 (BANCO)||
|I250|46||389,60|C|1554||QUIT DUP APTO1107AFAM18 (RESIDUAL)||
|I200|Q0E1XHJ0DP|29122022|243,20|N||
|I250|8||243,20|D|1555||QUIT  APTO1101CMC19 (BANCO)||
|I250|46||243,20|C|1555||QUIT DUP APTO1101CMC19 (RESIDUAL)||
|I200|Q0E1XHJ0DQ|29122022|447,39|N||
|I250|8||447,39|D|1556||QUIT  APTO1103RSC19 (BANCO)||
|I250|46||447,39|C|1556||QUIT DUP APTO1103RSC19 (RESIDUAL)||
|I200|Q0E1XHJ0DR|29122022|186,58|N||
|I250|8||186,58|D|1557||QUIT  APTO808KMR19 (BANCO)||
|I250|46||186,58|C|1557||QUIT DUP APTO808KMR19 (RESIDUAL)||
|I200|Q0E1XHJ0DS|29122022|500,00|N||
|I250|8||500,00|D|1558||QUIT  APTO406RSN19 (BANCO)||
|I250|46||500,00|C|1558||QUIT DUP APTO406RSN19 (RESIDUAL)||
|I200|Q0E1XHJ0DT|29122022|1300,00|N||
|I250|8||1300,00|D|1559||TRANSF Santander>BRADESCO 2805||
|I250|7||1300,00|C|1559||TRANSF Santander>BRADESCO 2805||
|I200|Q0E1XHJ0DU|29122022|45000,00|N||
|I250|7||45000,00|D|1560||TRANSF BRADESCO 2805>Santander||
|I250|8||45000,00|C|1560||TRANSF BRADESCO 2805>Santander||
|I200|Q0E1XHJ0DV|29122022|12520000,00|N||
|I250|7||12520000,00|D|1561||TRANSF XP>Santander||
|I250|12||12520000,00|C|1561||TRANSF XP>Santander||
|I200|Q0E1XIJ0DW|29122022|2995,00|N||
|I250|8||2995,00|D|1562||REPOSICAO CEDENTE>FACTORING||
|I250|279||2995,00|C|1562||Pagamento prorrogacaojuros||
|I200|Q0E1XMJ0DX|29122022|8557543,76|N||
|I250|322||8557543,76|D|1563||RESGATE: (VALOR) CPS  PRE||
|I250|686||12947,35|C|1563||RESGATE: (IRRF) CPS  PRE||
|I250|7||8544596,41|C|1563||RES: (LIQUIDO) CPS  PRE||
|I200|Q0E1XRJ0DY|29122022|1314870,07|N||
|I250|327||1314870,07|D|1564||RESGATE: (VALOR) SLS  PRE||
|I250|686||3345,77|C|1564||RESGATE: (IRRF) SLS  PRE||
|I250|7||1311524,30|C|1564||RES: (LIQUIDO) SLS  PRE||
|I200|Q0E1XSJ0DZ|29122022|3036070,85|N||
|I250|327||3036070,85|D|1565||RESGATE: (VALOR) SLS  PRE||
|I250|686||8115,94|C|1565||RESGATE: (IRRF) SLS  PRE||
|I250|7||3027954,91|C|1565||RES: (LIQUIDO) SLS  PRE||
|I200|Q0E1R2J09M|30122022|4157,50|N||
|I250|69||4157,50|D|||DEV CHQ  000345||
|I250|8||4157,50|C|||DEV CHQ  000345||
|I200|Q0E1R2J09N|30122022|135,12|N||
|I250|384||135,12|D|||000345: DESAGIO (DEFINITIVA>TRANSIT)||
|I250|299||135,12|C|||000345: DESAGIO (DEFINITIVA>TRANSIT)||
|I200|Q0E1R2J09O|30122022|5,22|N||
|I250|586||5,22|D|||000345: RECEITA 3 (DEFINITIVA>TRANSIT)||
|I250|299||5,22|C|||000345: RECEITA 3 (DEFINITIVA>TRANSIT)||
|I200|Q0E1R2J09P|30122022|43,80|N||
|I250|7||43,80|D|||RESG Aplicacao Autom>Santander||
|I250|14||43,80|C|||RESG Aplicacao Autom>Santander||
|I200|Q0E1R2J09Q|30122022|44532,58|N||
|I250|78||44532,58|D|||IR INVESTIMENTOS||
|I250|12||44532,58|C|||IR INVESTIMENTOS||
|I200|Q0E1R2J09R|30122022|43,80|N||
|I250|586||43,80|D|||TARIFA DOC  TED  Boca do Caixa||
|I250|7||43,80|C|||TARIFA DOC  TED  Boca do Caixa||
|I200|Q0E1R3J09W|30122022|135,12|N||
|I250|299||135,12|D|1568||000345: DESAGIO (TRANSIT>DEFINITIVA)||
|I250|384||135,12|C|1568||000345: DESAGIO (TRANSIT>DEFINITIVA)||
|I200|Q0E1R3J09X|30122022|5,22|N||
|I250|299||5,22|D|1568||000345: RECEITA 3 (TRANSIT>DEFINITIVA)||
|I250|586||5,22|C|1568||000345: RECEITA 3 (TRANSIT>DEFINITIVA)||
|I200|Q0E1R3J09Z|30122022|10,82|N||
|I250|292||10,82|D|||CORRECAO SALDO DEVEDOR||
|I250|417||10,82|C|||CORRECAO SALDO DEVEDOR||
|I200|Q0E1R3J0A0|30122022|5,14|N||
|I250|280||5,14|D|||CORRECAO SALDO DEVEDOR||
|I250|417||5,14|C|||CORRECAO SALDO DEVEDOR||
|I200|Q0E1R4J0A1|30122022|1,47|N||
|I250|271||1,47|D|||CORRECAO SALDO DEVEDOR||
|I250|417||1,47|C|||CORRECAO SALDO DEVEDOR||
|I200|Q0E1R4J0A2|30122022|1,07|N||
|I250|277||1,07|D|||CORRECAO SALDO DEVEDOR||
|I250|417||1,07|C|||CORRECAO SALDO DEVEDOR||
|I200|Q0E1XSJ0E0|30122022|20565,60|N||
|I250|69||20565,60|D|1566||DUPLICATAS BORDERO No223||
|I250|299||14,10|C|1566||DESP BANC BORD No223||
|I250|299||445,85|C|1566||DESP FACTORING BORD No223||
|I250|281||20105,65|C|1566||LAQUA  BORD: 2232022||
|I200|Q0E1XSJ0E1|30122022|2553,60|N||
|I250|8||2553,60|D|1567||REPOSICAO CEDENTE>FACTORING||
|I250|281||2553,60|C|1567||deposito de sacado apos recompra de titu||
|I200|Q0E1XSJ0E2|30122022|4253,12|N||
|I250|281||4253,12|D|1568||RCn:1  :REC AVULSA DEB CC||
|I250|417||95,62|C|1568||RCn:1  :000345>MORA||
|I250|69||4157,50|C|1568||RCn:1  :CH 000345>RES||
|I200|QNGW8ZF74|30122022|1333,33|N||
|I250|503||1333,33|D||00016|PROVIS O DA NFSE 485 DO ADICIONAL||
|I250|201||1333,33|C||00016|PROVIS O DA NFSE 485 DO ADICIONAL||
|I200|ND7T6XDP1M|31122022|830939,81|E||
|I250|664||830939,81|D||00036|||
|I250|360||830939,81|C||00036|||
|I200|ND7T70DP15|31122022|100,00|E||
|I250|664||100,00|D||00036|||
|I250|501||100,00|C||00036|||
|I200|ND7T70DP16|31122022|4533,33|E||
|I250|664||4533,33|D||00036|||
|I250|503||4533,33|C||00036|||
|I200|ND7T70DP17|31122022|2998,10|E||
|I250|664||2998,10|D||00036|||
|I250|504||2998,10|C||00036|||
|I200|ND7T70DP18|31122022|58,79|E||
|I250|664||58,79|D||00036|||
|I250|586||58,79|C||00036|||
|I200|ND7T70DP19|31122022|87,00|E||
|I250|664||87,00|D||00036|||
|I250|578||87,00|C||00036|||
|I200|ND7T70DP1A|31122022|8764,92|E||
|I250|664||8764,92|D||00036|||
|I250|392||8764,92|C||00036|||
|I200|ND7T70DP1B|31122022|40453,48|E||
|I250|664||40453,48|D||00036|||
|I250|393||40453,48|C||00036|||
|I200|ND7T70DP1C|31122022|103,66|E||
|I250|664||103,66|D||00036|||
|I250|546||103,66|C||00036|||
|I200|ND7T70DP1D|31122022|80498,60|E||
|I250|664||80498,60|D||00036|||
|I250|640||80498,60|C||00036|||
|I200|ND7T70DP1E|31122022|433799,88|E||
|I250|664||433799,88|D||00036|||
|I250|648||433799,88|C||00036|||
|I200|ND7T70DP1F|31122022|158327,96|E||
|I250|664||158327,96|D||00036|||
|I250|649||158327,96|C||00036|||
|I200|ND7T70DP1G|31122022|598752,74|E||
|I250|384||598752,74|D||00036|||
|I250|664||598752,74|C||00036|||
|I200|ND7T70DP1H|31122022|1165441,87|E||
|I250|418||1165441,87|D||00036|||
|I250|664||1165441,87|C||00036|||
|I200|ND7T70DP1I|31122022|307375,50|E||
|I250|664||307375,50|D||00036|||
|I250|587||307375,50|C||00036|||
|I200|ND7T70DP1J|31122022|73531,30|E||
|I250|417||73531,30|D||00036|||
|I250|664||73531,30|C||00036|||
|I200|ND7T70DP1K|31122022|696,50|E||
|I250|664||696,50|D||00036|||
|I250|570||696,50|C||00036|||
|I200|ND7T70DP1L|31122022|31011,62|E||
|I250|665||31011,62|D||00036|||
|I250|664||31011,62|C||00036|||
|I200|QMSUIDF72|31122022|17,09|N||
|I250|14||17,09|D||00016|RENDIMENTO DE APLICA  O FINANCEIRA||
|I250|417||17,09|C||00016|RENDIMENTO DE APLICA  O FINANCEIRA||
|I200|QN100DF73|31122022|17,43|N||
|I250|19||17,43|D||00016|RENDIMENTO DO RESGATE DA APLICA  O FINANCEIRA DO CDB||
|I250|417||17,43|C||00016|RENDIMENTO DO RESGATE DA APLICA  O FINANCEIRA DO CDB||
|I200|QNFW4FNP1|31122022|51,83|N||
|I250|546||51,83|D|||Lan amento de Deprecia  o||
|I250|155||51,83|C|||Lan amento de Deprecia  o||
|I200|QNHNDYF75|31122022|1600,00|N||
|I250|503||1600,00|D||00016|SERVI O CONTABIL DE 122022||
|I250|201||1600,00|C||00016|SERVI O CONTABIL DE 122022||
|I200|QNIHMEF77|31122022|557,00|N||
|I250|504||557,00|D||00016|SERVI O DA ANFAC||
|I250|203||557,00|C||00016|SERVI O DA ANFAC||
|I200|QNQSYYF78|31122022|80498,60|N||
|I250|640||80498,60|D||00016|BAIXA DE PERDA DE INVESTIMENTO||
|I250|117||80498,60|C||00016|BAIXA DE PERDA DE INVESTIMENTO||
|I200|QNS3ICF79|31122022|47359,50|N||
|I250|587||47359,50|D||00016|ATUALIZA  O DAS DEBENTURES||
|I250|325||47359,50|C||00016|ATUALIZA  O DAS DEBENTURES||
|I200|QNSFOQF7A|31122022|27270,62|N||
|I250|587||27270,62|D||00016|ATUALIZA  O DAS DEBENTURES||
|I250|326||27270,62|C||00016|ATUALIZA  O DAS DEBENTURES||
|I200|QNSGX2F7B|31122022|24255,65|N||
|I250|587||24255,65|D||00016|ATUALIZA  O DAS DEBENTURES||
|I250|327||24255,65|C||00016|ATUALIZA  O DAS DEBENTURES||
|I200|QNSYKFF7C|31122022|47706,66|N||
|I250|587||47706,66|D||00016|ATUALIZA  O DE DEBENTURES||
|I250|322||47706,66|C||00016|ATUALIZA  O DE DEBENTURES||
|I200|QNTD2EF7D|31122022|6426,72|N||
|I250|587||6426,72|D||00016|ATUALIZA  O DE DEBENTURE||
|I250|324||6426,72|C||00016|ATUALIZA  O DE DEBENTURE||
|I200|QNUIDYF7E|31122022|17958,28|N||
|I250|587||17958,28|D||00016|ATUALIZA  O DA DEBENTURE||
|I250|321||17958,28|C||00016|ATUALIZA  O DA DEBENTURE||
|I200|RAEWX1EW1|31122022|41649,07|N||
|I250|12||41649,07|D||00016|TRANSFERENCIA DO SALDO VIRADO DO BANCO ||
|I250|296||41649,07|C||00016|TRANSFERENCIA DO SALDO VIRADO DO BANCO ||
|I200|RAG6A3EW2|31122022|433799,88|N||
|I250|648||433799,88|D||00016|PROVIS O DO IMPOSTO DO 4  TRIMESTRAL||
|I250|207||433799,88|C||00016|PROVIS O DO IMPOSTO DO 4  TRIMESTRAL||
|I200|RAGBTTEW3|31122022|158327,96|N||
|I250|649||158327,96|D||00016|PROVIS O DO IMPOSTO DO 4  TRIMESTRAL||
|I250|208||158327,96|C||00016|PROVIS O DO IMPOSTO DO 4  TRIMESTRAL||
|I200|RAGVHOEW4|31122022|3798,14|N||
|I250|392||3798,14|D||00016|PROVIS O DO IMPOSTO||
|I250|213||3798,14|C||00016|PROVIS O DO IMPOSTO||
|I200|RAGWO6EW5|31122022|17529,89|N||
|I250|393||17529,89|D||00016|PROVIS O DO IMPOSTO||
|I250|215||17529,89|C||00016|PROVIS O DO IMPOSTO||
|I200|RAHHHKEW6|31122022|433799,88|N||
|I250|207||433799,88|D||00016|COMPENSA  O DO IMPOSTO||
|I250|78||433799,88|C||00016|COMPENSA  O DO IMPOSTO||
|I200|VYKYUF6SB|31122022|137976,64|N||
|I250|299||137976,64|D||00016|RECONHECIMENTO DE RECEITA ||
|I250|384||137976,64|C||00016|RECONHECIMENTO DE RECEITA ||
|I350|31122022|
|I355|384||598752,74|C|
|I355|392||8764,92|D|
|I355|393||40453,48|D|
|I355|417||73531,30|C|
|I355|418||1165441,87|C|
|I355|501||100,00|D|
|I355|503||4533,33|D|
|I355|504||2998,10|D|
|I355|546||103,66|D|
|I355|570||696,50|D|
|I355|578||87,00|D|
|I355|586||58,79|D|
|I355|587||307375,50|D|
|I355|640||80498,60|D|
|I355|648||433799,88|D|
|I355|649||158327,96|D|
|I355|665||31011,62|C|
|I990|4288|
|J001|0|
|J005|24112022|31122022|1||
|J100|1|T|1||A|Ativo|21175804,11|D|3840675,51|D||
|J100|1-1|T|2|1|A|Circulante|3167308,35|D|3816642,76|D||
|J100|1-1-01|T|3|1-1|A|Dispon vel|731141,72|D|1227950,58|D||
|J100|1-1-01-01|D|4|1-1-01|A|Numer rios em caixa|0,00|D|9310,06|D||
|J100|1-1-01-02|D|4|1-1-01|A|Banco conta movimento|720464,91|D|9792,52|D||
|J100|1-1-01-03|D|4|1-1-01|A|Aplica  es|10676,81|D|1208848,00|D||
|J100|1-1-06|T|3|1-1|A|T tulos a Receber|2427037,03|D|2513122,31|D||
|J100|1-1-06-01|D|4|1-1-06|A|T tulos a Receber|2427037,03|D|2513122,31|D||
|J100|1-1-07|T|3|1-1|A|Cr ditos a receber|9129,60|D|75569,87|D||
|J100|1-1-07-01|D|4|1-1-07|A|Cr ditos Tribut rios a Receber|9129,60|D|75569,87|D||
|J100|1-2|T|2|1|A|Ativo N o Circulante|18008495,76|D|24032,75|D||
|J100|1-2-02|T|3|1-2|A|Investimentos|18006633,04|D|22273,69|D||
|J100|1-2-02-01|D|4|1-2-02|A|Investimentos|17988630,00|D|0,00|D||
|J100|1-2-02-02|D|4|1-2-02|A|Contrato de m tuo|18003,04|D|22273,69|D||
|J100|1-2-03|T|3|1-2|A|Imobilizado|3109,98|D|3109,98|D||
|J100|1-2-03-04|D|4|1-2-03|A|Inform tica|3109,98|D|3109,98|D||
|J100|1-2-04|T|3|1-2|A|Deprecia  o Acumulada|1247,26|C|1350,92|C||
|J100|1-2-04-01|D|4|1-2-04|A|Deprecia  o Acumulada Imobilizado|1247,26|C|1350,92|C||
|J100|2|T|1||P|Passivo|21175804,11|C|3840675,51|C||
|J100|2-1|T|2|2|P|Circulante|1134246,66|C|1257867,79|C||
|J100|2-1-03|T|3|2-1|P|Fornecedores|0,00|C|2157,00|C||
|J100|2-1-03-01|D|4|2-1-03|P|Pessoa F sica e Pessoa Jur dica|0,00|C|2157,00|C||
|J100|2-1-05|T|3|2-1|P|Tributos e Contribui  es|2124,19|C|240918,50|C||
|J100|2-1-05-01|D|4|2-1-05|P|Tributos e Contribui  es|2124,19|C|179655,98|C||
|J100|2-1-05-02|D|4|2-1-05|P|Reten  es de Imposto e Contribui  es|0,00|C|61262,52|C||
|J100|2-1-07|T|3|2-1|P|T tulos|917632,89|C|917632,89|C||
|J100|2-1-07-01|D|4|2-1-07|P|T tulos a pagar|917632,89|C|917632,89|C||
|J100|2-1-08|T|3|2-1|P|Credores|54753,39|C|55510,33|C||
|J100|2-1-08-01|D|4|2-1-08|P|Credores diversos|2578,79|C|2348,13|C||
|J100|2-1-08-02|D|4|2-1-08|P|Cedentes|52174,60|C|53162,20|C||
|J100|2-1-09|T|3|2-1|P|Contas a pagar|159736,19|C|41649,07|C||
|J100|2-1-09-01|D|4|2-1-09|P|Outros Contas a Pagar|0,00|C|41649,07|C||
|J100|2-1-09-02|D|4|2-1-09|P|Receita Diferida|159736,19|C|0,00|C||
|J100|2-2|T|2|2|P|Passivo N o Circulante|19254012,83|C|1264323,29|C||
|J100|2-2-02|T|3|2-2|P|FINANCIAMENTOS|19254012,83|C|1264323,29|C||
|J100|2-2-02-01|D|4|2-2-02|P|OUTROS FINANCIAMENTOS NO PERIODO|19254012,83|C|1264323,29|C||
|J100|2-3|T|2|2|P|Patrim nio l quido|787544,62|C|1318484,43|C||
|J100|2-3-01|T|3|2-3|P|Capital Social|13984,80|C|13984,80|C||
|J100|2-3-01-01|D|4|2-3-01|P|Capital Social|13984,80|C|13984,80|C||
|J100|2-3-03|T|3|2-3|P|Preju zos/D ficits Acumulados ou Resultado|773559,82|C|1304499,63|C||
|J100|2-3-03-01|D|4|2-3-03|P|Preju zos/D ficits Acumulados|770409,82|C|1301349,63|C||
|J100|2-3-03-03|D|4|2-3-03|P|Ajustes de Exerc cios Anteriores|3150,00|C|3150,00|C||
|J150|00001|REC.BR|T|7|REC.OP|RECEITA BRUTA|1116261,42|C|598752,74|C|R||
|J150|00002|3-1-03-01|D|8|REC.BR|Receita Operacional|1116261,42|C|598752,74|C|R||
|J150|00003|DED.RC|T|7|REC.OP|(-) DEDU  ES DA RECEITA BRUTA|267194,47|D|356593,90|D|D||
|J150|00004|3-2-01-01|D|8|DED.RC|Dedu  o da Receita|14645,68|D|49218,40|D|D||
|J150|00005|3-2-02-01|D|8|DED.RC|Dedu  o da Receita|252548,79|D|307375,50|D|D||
|J150|00006|REC.OP|T|6|RES.BR|RECEITA L QUIDA|849066,95|C|242158,84|C|R||
|J150|00007|RES.BR|T|5|RES.OL|LUCRO BRUTO|849066,95|C|242158,84|C|R||
|J150|00008|DESP.O|T|7|RES.OL|DESPESAS OPERACIONAIS|66933,64|D|8518,59|D|D||
|J150|00009|4-3-02-01|D|8|DESP.O|Remunera  o por Servi os de Terceiros|54948,52|D|7631,43|D|D||
|J150|00010|4-3-03-02|D|8|DESP.O|Despesas com Expediente|6002,73|D|0,00|D|D||
|J150|00011|4-3-03-07|D|8|DESP.O|Despesas com Bens de Uso Pr prio|1247,26|D|103,66|D|D||
|J150|00012|4-3-05-04|D|8|DESP.O|Outras Despesas|1412,45|D|696,50|D|D||
|J150|00013|4-4-01-01|D|8|DESP.O|Impostos|3322,68|D|87,00|D|D||
|J150|00014|DESP.F|T|7|RES.OL|DESPESAS FINANCEIRAS L QUIDAS|4201,30|D|58,79|D|D||
|J150|00015|4-5-01-01|D|8|DESP.F|Despesas Financeiras com T tulos de Renda Fixa|3901,30|D|58,79|D|D||
|J150|00016|4-5-04-01|D|8|DESP.F|Despesas Financeiras De Encargos Sobre Tributos|300,00|D|0,00|D|D||
|J150|00017|O.DESP|T|7|RES.OL|OUTRAS RECEITAS E DESPESAS OPERACIONAIS|120175,38|C|1158474,57|C|R||
|J150|00018|3-3-01|T|8|O.DESP|Receita Financeira|124675,38|C|1238973,17|C|R||
|J150|00019|3-3-01-05|D|9|3-3-01|Receitas Financeiras Diversas|124675,38|C|1238973,17|C|R||
|J150|00020|4-6-01-03|D|8|O.DESP|Preju zo na Baixa de Bens do Ativo N o Circulante|4500,00|D|80498,60|D|D||
|J150|00021|RES.OL|T|4|LL.AIR|RESULTADO OPERACIONAL L QUIDO|898107,39|C|1392056,03|C|R||
|J150|00022|LL.AIR|T|3|RESULT.|RESULTADO ANTES DOS IMPOSTOS|898107,39|C|1392056,03|C|R||
|J150|00023|PROV.|T|7|RESULT.|PROVIS O PARA IR E CSLL|48533,96|D|592127,84|D|D||
|J150|00024|4-6-02-01|D|8|PROV.|Impostos e Contribui  es Sobre o Lucro|48533,96|D|592127,84|D|D||
|J150|00025|RESULT.|T|2|RES.AP.|RESULTADO L QUIDO|849573,43|C|799928,19|C|R||
|J150|00026|RES.AP.|T|1||RESULTADO L QUIDO AP S PARTICIPA  ES|849573,43|C|799928,19|C|R||
|J900|TERMO DE ENCERRAMENTO|5|Escritura  o Cont bil Digital do Livro Di rio Geral|GOOMIE SOLUCOES TECNOLOGICAS INOVA SIMPLES (I.S.)|4399|24112022|31122022|
|J930|NEDIO NILO PORTO JUNIOR|00050497766|Diretor|203|||||||S|
|J930|GOOMIE SOLUCOES TECNOLOGICAS INOVA SIMPLES (I.S.)|51518096000115|Signat rio da ECD com e-CNPJ ou e-PJ|001|||||||N|
|J930|FILLIPE GON ALVES RODRIGUES|11315382776|Contador|900|118160O9|fillipe@capemsolutions.com.br|21980645483|RJ|RJ-118160/O-9|31072020|N|
|J990|75|
|9001|0|
|9900|0000|1|
|9900|0001|1|
|9900|0007|1|
|9900|0990|1|
|9900|9001|1|
|9900|I001|1|
|9900|I010|1|
|9900|I030|1|
|9900|I050|186|
|9900|I051|106|
|9900|I052|106|
|9900|I075|2|
|9900|I150|2|
|9900|I155|157|
|9900|I200|1132|
|9900|I250|2575|
|9900|I350|1|
|9900|I355|17|
|9900|I990|1|
|9900|J001|1|
|9900|J005|1|
|9900|J100|42|
|9900|J150|26|
|9900|J900|1|
|9900|J930|3|
|9900|J990|1|
|9900|9900|29|
|9900|9990|1|
|9900|9999|1|
|9990|32|
|9999|4399|
